2992 4134
261 394 319 442 112
657 387 855 437 IVVENALIS

258 539 431 616 produxisse
453 560 555 617 parum
577 551 631 610 est,
654 559 721 597 curn
744 549 836 597 rastra
857 549 886 596 et
908 538 1022 596 sarcula
1045 547 1158 596 tantum

259 637 375 698 adsueti
396 656 524 712 coquere
546 649 576 698 et
596 636 698 696 marris
719 655 756 694 ac
776 653 897 694 vomere
917 633 986 692 lassi

261 733 420 794 nescierint
441 734 528 811 primi
548 734 663 810 gladios
684 733 845 793 extendere
867 730 947 790 fabri.

261 832 422 908 aspicimus
443 835 572 909 populos
593 851 717 908 quorum
741 850 802 890 non
824 828 931 888 sufficit
953 828 1012 886 irae

264 931 409 991 occidisse
430 930 569 1006 aliquem,
591 931 644 989 sed
666 940 787 1006 pectora
808 925 946 987 bracchia
967 927 1079 986 voltum
1218 945 1264 995 170

263 1026 441 1087 crediderint
462 1046 556 1104 genus
577 1046 642 1086 esse
663 1025 730 1086 cibi.
774 1025 845 1101 quid
867 1023 979 1084 diceret
1000 1041 1070 1100 ergo

263 1126 308 1184 vel
329 1144 390 1201 quo
412 1144 473 1184 non
493 1125 614 1202 fugeret,
637 1123 662 1182 si
683 1143 763 1183 nunc
784 1126 858 1182 haec
880 1134 1012 1181 monstra
1033 1119 1145 1181 videret

265 1222 454 1298 Pythagoras,
477 1220 592 1280 cunctis
614 1220 792 1280 animalibus
814 1218 956 1279 abstinuit
977 1217 1030 1294 qui

265 1331 416 1395 tamquam
437 1317 560 1378 homine
581 1329 610 1378 et
631 1317 726 1378 ventri
746 1316 869 1377 indulsit
893 1335 954 1376 non
974 1333 1065 1374 omne
1086 1314 1245 1391 legumen?

627 1757 792 1814 SATVRA
820 1756 904 1814 XVI.

269 1909 343 1986 Quis
365 1929 518 1970 numerare
539 1921 629 1985 queat
650 1909 742 1969 felicis
764 1910 903 1986 praemia,
926 1909 1014 1981 Galli,

268 2006 411 2067 militiae?
438 2027 507 2065 narn
529 2006 553 2065 si
575 2007 737 2066 subeuntur
757 2026 897 2084 prospera
918 2018 1022 2079 castra,

250 2124 317 2164 me
338 2104 479 2181 pavidum
501 2104 629 2182 excipiat
649 2104 776 2165 tironem
798 2118 883 2181 porta
904 2106 1037 2163 secundo

269 2202 373 2262 sidere.
418 2205 484 2279 plus
506 2202 617 2262 etenim
639 2201 691 2262 fati
712 2205 790 2262 valet
811 2205 883 2261 hora
904 2201 1025 2278 benigni

243 2372 250 2380 Ι
270 2320 359 2376 quam
382 2299 406 2357 si
428 2320 482 2358 nos
503 2297 628 2358 Veneris
650 2301 842 2359 commendet
864 2298 991 2376 epistula
1013 2296 1101 2357 Marti
1256 2317 1270 2370 5

270 2409 300 2457 et
321 2396 420 2457 Samia
440 2397 572 2473 genetrix
592 2416 669 2473 quae
691 2398 855 2456 delectatur
876 2399 993 2456 harena.

311 2495 470 2554 commoda
490 2505 651 2554 tractemus
672 2496 800 2569 primurn
822 2496 1003 2565 communia,
1025 2512 1151 2568 quorum

271 2592 342 2650 haut
363 2590 517 2649 minimum
540 2591 611 2650 illud
636 2592 697 2663 erit,
719 2612 759 2653 ne
779 2604 809 2652 te
830 2593 948 2668 pulsare
970 2602 1086 2667 togatus

272 2690 388 2760 audeat,
410 2687 504 2748 immo
525 2688 580 2748 etsi
601 2691 741 2766 pulsetur,
766 2688 931 2748 dissimulet
952 2707 1008 2746 nec

272 2787 381 2845 audeat
402 2804 541 2845 excussos
563 2785 689 2861 praetori
711 2785 867 2845 ostendere
889 2786 993 2844 dentes
1244 2806 1274 2844 ro
1316 2811 1318 2814 ’

272 2895 301 2944 et
323 2883 436 2960 nigram
457 2882 486 2939 in
508 2881 584 2941 facie
606 2881 726 2942 tumidis
747 2879 887 2940 livoribus
908 2883 997 2940 offam

273 2992 363 3057 atque
384 2981 504 3039 oculum
526 2979 644 3038 medico
665 2978 707 3038 nil
729 2979 922 3054 promittente
942 2978 1084 3038 relictum.

275 3077 434 3139 Bardaicus
456 3078 544 3136 iudex
565 3079 652 3136 datur
672 3079 746 3137 haec
767 3075 871 3152 punire
893 3077 1004 3136 volenti

274 3177 392 3235 calceus
413 3185 443 3234 et
463 3175 590 3251 grandes
612 3192 719 3250 magna
739 3175 779 3233 ad
801 3173 939 3232 subsellia
960 3193 1052 3246 surae,

275 3272 388 3349 legibus
409 3270 538 3348 antiquis
559 3282 721 3331 castrorum
743 3280 773 3330 et
794 3289 876 3330 more
898 3269 1017 3332 Camilli

275 3380 400 3445 servato,
424 3366 570 3429 milesne
591 3369 700 3428 vallum
722 3366 816 3445 litiget
838 3378 919 3428 extra

275 3478 305 3525 et
320 3468 430 3541 procul
450 3485 469 3525 a
489 3464 588 3542 siguis.
631 3464 790 3525 iustissima
811 3465 1017 3526 centurionum

312 3678 399 3721 mr
435 3673 568 3728 Gallil':
588 3678 669 3731 Galle
675 3687 717 3747 po
846 3692 876 3729 ια
911 3674 1017 3726 oculum
1030 3672 1068 3721 P·.
1084 3669 1216 3727 oeulospu
