2992 4134
243 388 284 448 62
641 396 842 446 IVVENALIS

245 541 431 618 municipalis
453 561 552 618 eques,
574 544 722 618 galeatum
743 541 831 619 ponit
850 540 962 617 ubique

244 641 423 719 praesidium
446 639 579 701 attonitis
600 641 683 702 etin
704 640 787 700 omni
808 652 911 701 monte
932 641 1054 700 laborat.

245 751 361 801 tantum
383 738 469 817 igitur
490 757 590 799 muros
611 739 689 798 intra
709 750 779 816 toga
800 738 927 798 contulit
948 737 990 796 illi
1196 761 1246 808 240

246 837 374 898 nominis
395 857 430 897 ac
451 837 537 904 tituli,
558 847 701 912 quantum
725 832 795 904 †in†
818 837 964 908 Leucade,
988 847 1132 912 quantum

245 935 418 996 Thessaliae
438 934 552 1010 campis
574 933 717 995 Octavius
739 932 861 993 abstulit
881 934 943 992 udo

246 1036 387 1096 caedibus
408 1035 540 1095 adsiduis
560 1035 669 1113 gladio,
691 1035 744 1094 sed
766 1037 865 1093 Roma
886 1044 1049 1109 parentem,

247 1137 346 1193 Roma
366 1146 480 1210 patrem
502 1132 614 1209 patriae
635 1131 813 1194 Ciceronem
835 1132 927 1192 libera
948 1131 1028 1191 dixit

246 1230 373 1309 Arpinas
394 1231 469 1290 alius
490 1226 667 1291 Volscorum
689 1229 721 1289 in
742 1240 846 1291 monte
867 1232 981 1289 solebat

247 1348 369 1405 poscere
390 1330 542 1388 mercedes
563 1328 662 1388 alieno
683 1329 778 1388 lassus
799 1340 903 1400 aratro,

247 1428 393 1486 nodosam
414 1428 578 1502 posthaec
599 1427 753 1504 frangebat
774 1426 883 1486 vertice
904 1423 1003 1499 vitem,

247 1523 271 1582 si
292 1525 389 1583 lentus
410 1522 493 1601 pigra
514 1524 640 1585 muniret
662 1536 758 1584 castra
778 1525 921 1598 dolabra;

246 1624 296 1683 hic
316 1635 415 1682 tamen
438 1634 467 1682 et
488 1622 626 1684 Cimbros
648 1634 678 1682 et
699 1641 816 1682 summa
837 1621 969 1699 pericula
989 1640 1085 1680 rerum

247 1717 355 1796 excipit
375 1731 405 1780 et
426 1721 505 1779 solus
527 1720 725 1797 trepidantem
746 1719 874 1797 protegit
896 1720 1007 1778 urbem.
1199 1741 1248 1793 250

247 1828 337 1894 atque
358 1817 436 1889 ideo,
459 1829 618 1894 postquam
638 1819 678 1878 ad
699 1817 838 1879 Cimbros
859 1829 1045 1893 stragemque
1065 1817 1207 1876 volabant

248 1915 299 1990 qui
320 1933 482 1990 numquam
504 1915 660 1991 attigerant
681 1914 794 1974 maiora
813 1916 959 1974 cadavera
979 1913 1068 1984 corvi,

248 2012 355 2072 nobilis
377 2024 497 2072 ornatur
516 2013 599 2072 lauro
621 2014 736 2091 collega
757 2013 896 2072 secunda.

248 2108 383 2185 plebeiae
405 2110 566 2169 Deciorum
588 2110 713 2178 animae,
735 2109 852 2186 plebeia
872 2111 989 2170 fuerunt

248 2208 388 2282 nomina;
415 2228 468 2284 pro
491 2207 560 2268 totis
581 2206 746 2284 legionibus
767 2207 797 2266 hi
818 2219 918 2267 tamen
939 2220 969 2268 et
989 2228 1044 2285 pro
1200 2233 1246 2284 255

248 2306 386 2366 omnibus
408 2304 523 2365 auxiliis
544 2316 633 2381 atque
655 2305 737 2364 omni
758 2307 839 2382 pube
861 2305 967 2365 Latina

248 2403 397 2463 sufficiunt
417 2403 464 2463 dis
485 2402 607 2461 infernis
628 2405 797 2479 Terraeque
819 2403 934 2479 parenti
943 2425 953 2478 ;

248 2504 338 2578 pluris
360 2501 438 2561 eninr
462 2500 549 2560 Decii
570 2520 660 2576 quam
681 2520 758 2577 quae
780 2511 931 2561 servantur
952 2503 989 2562 ab
1011 2501 1075 2562 illis.

248 2600 355 2658 aneilla
375 2611 463 2658 natus
484 2599 616 2658 trabeam
639 2609 668 2658 et
690 2598 828 2659 diadema
850 2599 966 2674 Quirini

249 2709 277 2758 et
298 2700 391 2758 fasces
412 2697 526 2768 meruit,
549 2716 651 2774 regum
674 2696 796 2756 ultimus
817 2697 866 2756 ille
887 2700 1054 2770 bonorum;
1200 2713 1249 2760 260

248 2795 364 2873 prodita
385 2796 525 2854 laxabant
546 2807 698 2870 portarum
720 2795 847 2854 claustra
868 2795 998 2870 tyrannis

249 2893 382 2952 exulibus
403 2892 525 2951 iuvenes
546 2889 637 2968 ipsius
659 2890 790 2950 consulis
811 2903 840 2951 et
861 2911 936 2968 quos

250 3011 389 3068 magnum
412 2988 525 3065 aliquid
546 2987 638 3049 dubia
658 3009 712 3066 pro
733 2989 867 3051 libertate
888 2993 1016 3064 deceret,

249 3089 331 3165 quod
352 3087 505 3147 miraretur
525 3105 593 3145 cum
616 3087 732 3147 Coclite
754 3089 872 3147 Mucius
893 3100 923 3148 et
943 3107 1021 3163 quae

249 3184 366 3262 imperii
387 3186 460 3244 fines
481 3183 656 3242 Tiberinum
677 3183 760 3260 virgo
782 3185 900 3245 natavit.

249 3284 368 3342 occulta
388 3282 425 3341 ad
448 3291 547 3357 patres
568 3279 705 3356 produxit
726 3281 850 3341 crimina
871 3301 971 3342 servus

249 3379 392 3441 matronis
413 3379 568 3456 lugendus,
590 3389 621 3439 at
641 3376 707 3438 illos
728 3379 850 3439 verbera
871 3379 953 3439 iustis

300 3596 346 3646 239
378 3587 464 3630 monte
475 3581 519 3629 PS
527 3598 534 3629 r
550 3587 625 3644 gente
630 3588 652 3644 p
769 3595 814 3645 241
849 3581 875 3630 in
888 3582 1003 3631 Leucade
1014 3584 1051 3632 P:
1068 3598 1120 3633 non
1132 3585 1248 3634 Leucade

249 3671 297 3726 po:
316 3664 340 3711 vi
354 3662 470 3711 leucade
483 3663 559 3711 Owen
