2992 4134
511 229 1330 247 ——..—.—

510 258 1330 285 *uu—.—

264 469 305 530 26
663 483 863 533 1vvnNAL1s

263 647 316 687 vos
337 627 467 705 anguilla
487 642 588 690 manet
609 632 716 708 longae
736 642 864 709 cognata
885 634 1034 706 colubrae,

264 738 315 786 aut
335 727 429 804 glacie
450 748 586 805 aspersus
606 729 730 789 maculis
751 730 918 803 Tiberinus,
942 743 971 791 et
992 731 1055 808 ipse

265 828 385 885 vernula
405 826 543 904 riparum,
566 827 683 904 pinguis
704 840 837 889 torrente
857 831 960 889 cloaca

265 934 295 983 et
316 925 420 983 solitus
441 923 558 985 mediae
579 938 710 1002 cryptam
733 939 887 1003 penetrare
908 929 1047 988 Suburae.

306 1023 362 1100 ipsi
383 1024 597 1110 paucavelim,
617 1025 736 1085 facilem
758 1025 782 1085 si
803 1028 945 1102 praebeat
966 1045 1076 1086 aurem.

268 1109 381 1182 ‘nemo‘
394 1122 476 1199 petit,
498 1123 622 1183 modicis
643 1143 720 1200 quae
741 1123 935 1185 mittebantur
954 1123 1056 1184 amicis

266 1240 285 1279 a
305 1222 428 1294 Seneca,
450 1240 527 1297 quae
549 1221 618 1280 Piso
640 1225 745 1295 bonus,
769 1242 850 1303 quae¹
867 1224 957 1287 Cotta
978 1225 1092 1284 solebat

267 1316 380 1392 largiri3
409 1337 538 1394 namque
559 1328 589 1378 et
610 1317 702 1378 titulis
723 1329 754 1378 et
773 1288 846 1379 iim
860 1293 904 1378 'hs
925 1318 996 1378 olim
1221 1341 1269 1378 rro

267 1415 360 1473 maior
379 1416 543 1475 habebatur
564 1416 698 1475 donandi
718 1416 817 1492 gloria.
862 1419 958 1476 solum

267 1512 416 1589 poscimus
437 1526 470 1572 ut
491 1533 579 1573 cenes
600 1515 731 1574 civiliter.
775 1516 834 1574 hoc
855 1516 919 1574 face
941 1525 970 1574 et
991 1527 1064 1588 esto,

268 1623 341 1686 esto,
364 1622 396 1669 ut
418 1630 498 1670 nunc
519 1611 612 1685 multi,
635 1613 717 1673 dives
739 1611 801 1685 tibi,
823 1632 937 1690 pauper
957 1612 1079 1672 amicis!
1113 1626 1173 1671 J

308 1709 419 1769 anseris
439 1720 509 1769 ante
529 1709 628 1787 ipsum
649 1711 749 1788 magni
770 1710 860 1785 iecur,
883 1710 1034 1772 anseribus
1055 1730 1108 1787 par

269 1807 365 1881 altilis,
388 1820 417 1867 et
438 1807 505 1867 flavi
526 1809 634 1886 dignus
655 1810 731 1869 ferro
755 1809 899 1887 Meleagri
1088 1858 1103 1883 L
1222 1830 1267 1883 ¹15

269 1919 386 1984 spumat
407 1926 484 1984 aper.
528 1919 595 1985 post
616 1909 696 1967 hunc
717 1909 870 1967 tradentur
889 1907 1002 1979 tubera,
1025 1907 1050 1966 si
1071 1900 1122 1966 ver

269 2017 341 2065 tunc
357 2004 415 2064 erit
436 2016 465 2064 et
487 2007 595 2065 sacient
616 2017 718 2082 optata
740 2006 870 2066 tonitrua
890 2025 979 2065 cenas

270 2102 403 2161 maiores.
448 2102 518 2162 ‘tibi
539 2105 617 2164 habe
637 2106 828 2164 frumentum'
851 2102 987 2163 Alledius
1008 2102 1104 2180 inquit

271 2206 307 2261 ‘o
330 2200 440 2278 Libye,
469 2200 605 2279 disiunge
626 2203 726 2274 boves,
749 2203 822 2262 dum
844 2203 947 2262 tubera
967 2201 1086 2261 mittas’

270 2311 443 2360 structorem
465 2298 587 2374 interea,
610 2319 708 2377 nequa
728 2299 894 2377 indignatio
915 2299 1001 2371 desit,

270 2400 428 2457 saltantem
449 2408 567 2474 spectes
588 2409 618 2458 et
638 2398 869 2458 chironomunta
890 2396 1002 2456 volanti

270 2498 399 2567 cultello,
421 2497 519 2556 donec
540 2507 660 2573 peragat
681 2497 793 2557 dictata
814 2495 944 2574 magistri

271 2595 389 2668 omnia,
418 2614 474 2654 nec
495 2595 620 2655 minimo
641 2615 713 2655 sane
734 2593 904 2654 discrimine
924 2594 1019 2665 refert,

271 2714 331 2770 quo
352 2704 435 2769 gestu
457 2694 574 2783 lepores
595 2704 625 2752 et
646 2713 707 2768 quo
727 2693 836 2769 gallina
857 2680 979 2753 secetur.

272 2792 388 2852 duceris
409 2765 611 2868 plair't'assielut
633 2790 708 2850 ictus
729 2791 768 2850 ab
790 2793 922 2851 Hercule
944 2792 1073 2850 Cacus*
1226 2809 1270 2860 1²5

272 2903 302 2952 et
323 2909 434 2967 ponere
456 2888 533 2961 foris,
557 2891 581 2947 si
602 2889 675 2965 quid
695 2889 886 2965 temptaveris
907 2908 1049 2963 umquam

272 2988 393 3059 hiscere,
416 2998 567 3061 tamquam
590 2987 699 3046 habeas
721 2985 776 3045 tria
796 2980 926 3045 nomina.
969 2986 1091 3060 quando
1112 2983 1250 3061 propinat

272 3087 358 3144 Virro
380 3084 433 3145 tibi
454 3080 579 3144 sumitve
600 3082 657 3143 tuis
678 3095 816 3144 contacta
837 3083 950 3144 labellis

272 3186 401 3261 pocula?
428 3182 494 3260 quis
515 3194 643 3243 vestrum
666 3182 836 3243 temerarius
858 3183 1057 3260 usqueadeo,
1080 3181 1146 3258 quis

272 3282 412 3359 perditus
434 3293 466 3340 ut
487 3280 566 3342 dicat
586 3282 648 3360 regi
670 3283 793 3343 ‘bibe’t
819 3281 945 3358 plurima
964 3291 1033 3340 sunt
1053 3299 1130 3357 quae
1227 3300 1274 3353 ¹30

273 3400 334 3441 non
355 3381 466 3439 audent
486 3380 622 3441 homines
644 3393 763 3457 pertusa
784 3380 882 3440 dicere
902 3381 994 3438 laena

273 3477 488 3556 quadringenta
508 3478 562 3538 tibi
583 3479 606 3537 si
628 3479 692 3555 quis
714 3480 787 3538 deus
808 3489 858 3537 aut
879 3475 980 3535 similis
1002 3476 1047 3536 dis

274 3589 303 3636 et
324 3576 428 3636 melior
448 3574 513 3636 satis
535 3578 658 3637 donaret
678 3576 848 3647 homuncio,
872 3585 999 3649 quantus

270 3764 322 3810 115
350 3765 504 3824 spumatl’:
520 3761 627 3825 lumatp
727 3759 856 3808 tradentur
867 3759 903 3806 P:
922 3757 1038 3806 radentur
1054 3757 1091 3805 T:
1108 3757 1228 3806 raduntur
1234 3763 1274 3820 pa
