2992 4134
567 1108 872 1184 IVVENALIS

483 1319 952 1452 §urrunnun

544 1640 688 1704 LIBER
720 1639 896 1706 PRIMVS

609 1812 775 1870 SATVRA
804 1813 828 1872 I.

220 1968 344 2040 Semper
363 1982 419 2040 ego
440 1963 557 2024 auditor
578 1967 716 2043 tantum?
745 1984 948 2040 numquamne
968 1957 1110 2045 reponam

220 2046 341 2143 vexatus
362 2059 471 2121 totiens
492 2060 571 2120 rauci
592 2061 742 2121 Theseide
764 2055 877 2123 Cordi?

221 2146 333 2234 inpune¹
354 2176 424 2234 ergo
444 2140 517 2215 mihi
538 2156 701 2217 recitaverit
722 2157 771 2217 ille
792 2169 915 2234 togatas,

221 2254 270 2312 hic
289 2256 411 2340 eiegosi
439 2253 551 2330 inpune
572 2254 651 2313 diem
673 2252 889 2331 consumpserit
910 2255 1014 2332 ingens

221 2351 373 2427 Telephus
394 2344 453 2423 dut,
477 2348 584 2408 summi
605 2352 693 2426 plena
714 2351 773 2410 iam
796 2350 926 2427 margine
946 2351 1022 2421 libri,
1205 2374 1218 2426 5

220 2445 347 2523 scriptur
368 2457 398 2506 et
419 2446 449 2504 in
470 2442 553 2523 tergo
573 2448 701 2506 necdum
723 2446 822 2515 finitus
844 2447 986 2531 Orestes?

186 2530 193 2543 ’
216 2550 295 2623 ‚nota
313 2543 406 2620 uagis
426 2543 499 2602 nulli
520 2545 628 2604 domus
650 2554 693 2603 est
714 2564 776 2616 sua,
799 2563 888 2619 quam
910 2543 982 2603 mihi
1002 2545 1086 2604 lucus
1108 2554 1110 2559 '

222 2637 328 2703 lutis
349 2649 378 2698 et
399 2639 512 2723 Aeoliis
532 2638 660 2699 vicinum
682 2640 803 2716 rupibus
825 2649 941 2699 antrum

221 2734 367 2814 Vulcani3
394 2735 467 2811 quid
488 2747 577 2812 agant
597 2736 686 2809 venti,
708 2755 783 2812 quas
804 2747 939 2810 torqueat
960 2739 1079 2798 umbras

223 2835 347 2906 Aedcus
369 2833 450 2891 unde
470 2833 545 2891 alius
565 2832 688 2893 furtivae
708 2835 835 2893 devehat
857 2853 959 2905 aurum
1190 2857 1219 2892 10

221 2927 386 3009 pelliculae,
411 2939 539 3005 quantas
560 2928 702 2988 iaculetur
723 2930 892 3005 Monychus
913 2949 1010 3003 ornos,

221 3026 380 3099 Frontonis
400 3025 512 3101 platani
532 3026 734 3102 convulsaque
755 3046 902 3086 marmora
922 3029 1052 3087 clamant

221 3142 340 3200 semper
359 3135 389 3184 et
409 3125 536 3185 adsiduo
556 3135 660 3200 ruptae
681 3125 791 3184 lectore
812 3123 975 3184 columnae.

221 3231 361 3296 expectes
382 3220 487 3289 eadem
509 3241 527 3280 a
548 3240 665 3280 summo
686 3220 870 3298 minimoque
891 3233 988 3298 poeta.

221 3329 252 3385 et
273 3336 329 3377 nos
349 3336 419 3394 ergo
441 3337 562 3376 manum
583 3319 692 3378 femiae
713 3317 916 3391 subduximus,
938 3328 968 3377 et
989 3337 1044 3378 nos

553 3497 566 3531 r
601 3482 678 3533 Cordi
694 3484 751 3534 PSz
778 3483 853 3533 Codri
865 3490 906 3547 pro

224 3620 277 3683 ji,
294 3589 409 3683 1⁰1}st
