2992 4134
544 344 654 393 uranu
678 344 698 393 1.
721 325 866 393 snsvr'm
890 343 911 392 1.

221 499 333 558 doctus
355 504 385 554 et
406 494 446 552 ad
466 490 588 551 calicem
610 491 740 579 vigilanti
763 501 882 550 stertere
899 494 996 571 Qso?

221 614 292 653 curn
317 594 371 675 fas·
384 609 449 650 esse
470 601 553 665 putet
574 608 674 647 curam
696 608 813 665 sperare
834 587 963 647 cohortis

221 689 277 768 qui
299 690 382 750 bona
402 686 524 748 donavit
545 685 737 763 praesepibus
758 696 787 745 et
808 697 887 745 caret
908 685 988 744 omni

222 787 375 847 maiorum
396 805 497 858 censu,
519 774 593 844 dum
614 785 747 860 pervolat
768 802 823 844 axe
844 782 935 842 citato
1036 838 1039 843 .

223 882 503 959 Flaminiam.puer
523 882 737 941 Automedon?
765 900 835 940 nam
856 882 919 940 lora
939 882 1061 940 tenebat

224 982 302 1059 ipse,
325 983 494 1041 lacernatae
514 997 583 1039 curn
605 997 637 1038 se
657 978 779 1039 iactaret
799 977 919 1037 amicae.
1102 972 1106 981 “

225 1098 331 1140 nonne
352 1079 424 1138 libet
446 1076 544 1137 medio
567 1096 647 1136 ceras
668 1076 780 1153 inplere
801 1095 926 1152 capaces

228 1176 397 1254 quadrivio,
419 1195 489 1235 cum
509 1173 568 1232 ia'm
589 1186 672 1233 sexta
687 1173 806 1249 *cervice
827 1175 934 1233 feratur

226 1274 301 1333 hinc
321 1259 411 1349 atque
431 1271 502 1331 inde
522 1283 627 1348 patens
648 1291 683 1330 ac
705 1273 786 1331 nuda
807 1290 902 1347 paene
923 1266 1065 1332 cathedra

228 1384 259 1431 et
282 1373 409 1437 multum
430 1371 558 1430 reserens
579 1370 617 1428 de
639 1372 817 1429 Maecenate
838 1368 946 1445 supino

230 1469 364 1546 signator
383 1466 456 1541 falsi,
479 1466 530 1543 qui
551 1486 583 1527 se
604 1452 716 1526 lautum
737 1478 827 1543 atque
849 1469 969 1526 beatum

212 1553 350 1644 'exiguis'
364 1564 471 1626 tabulis
492 1576 522 1625 et
542 1584 661 1642 gemma
681 1564 782 1623 fecerit
803 1564 884 1622 uda?

228 1658 358 1726 occurrit
378 1674 512 1723 matrona
532 1673 647 1740 potens,
670 1680 746 1737 quae
768 1662 858 1720 molle
879 1659 1024 1722 Calenum

182 1772 190 1845 J
228 1773 402 1841 porrectura
422 1761 485 1837 viro
506 1761 610 1821 miscet
631 1759 747 1838 siti-epte
768 1758 902 1840 rubetam

229 1858 418 1936 instituitque
438 1860 528 1919 rudes
550 1858 654 1918 melior
675 1859 806 1916 Lucusta
827 1853 1011 1932 propinquas

229 1976 286 2035 per
305 1957 414 2015 lamam
436 1965 465 2015 et
485 1955 632 2032 populum
653 1955 753 2030 nigros
773 1953 876 2012 efferre
897 1951 1025 2012 maritos.

230 2054 311 2114 aude
319 2028 444 2128 aliquid
466 2054 604 2112 brevibus
625 2051 730 2130 Gyaris
751 2061 781 2111 et
801 2069 918 2110 carcere
938 2049 1069 2127 dignum,

231 2149 257 2210 si
278 2149 322 2209 vis
343 2169 408 2210 esse
428 2148 547 2227 aliquid
592 2149 723 2226 probitas
745 2149 880 2207 laudatur
901 2159 929 2209 et
951 2150 1035 2230 alget,

231 2245 405 2307 criminibus
425 2248 539 2308 debent
559 2249 661 2306 hortos
682 2246 830 2322 praetoria
851 2267 968 2306 mensas

233 2354 389 2421 argentum
410 2358 495 2405 vetus
517 2355 546 2405 et
567 2355 696 2443 stantem
718 2356 799 2405 extra
821 2346 927 2421 pocula
946 2364 1116 2431 caprum.

233 2460 323 2517 quern
344 2440 454 2519 patitur
475 2442 602 2502 dormire
624 2460 713 2500 nurus
734 2454 887 2517 corruptor
907 2434 1020 2511 av'arae,

227 2559 324 2627 quem
344 2559 473 2618 sponsae
494 2552 595 2617 turpes
616 2550 646 2600 et
666 2549 863 2615 praetextatus
885 2538 1021 2597 adulter?

195 2624 198 2629 ¹
233 2634 385 2701 stastum
404 2651 501 2713 negat,
524 2635 593 2695 facit
613 2635 777 2710 indignatio
798 2654 913 2694 versum

177 2706 483 2823 qufflmcumque
503 2744 611 2809 potest,
625 2733 736 2808 quales
757 2749 812 2807 ego
833 2732 880 2790 vel
901 2727 1069 2793 Cluuienus

258 2826 312 2887 ,ἀ
332 2846 392 2903 quo
413 2828 587 2899 Deucalion
601 2826 709 2887 nimbis
729 2826 901 2888 tollentibus
921 2845 1049 2902 aequor,

233 2911 352 3002 navigio
373 2935 507 2986 montem
528 2910 661 2997 ascendit
682 2938 835 3000 sortesque
855 2923 994 3001 poposcit

234 3021 439 3098 paulatimque
459 3023 560 3081 anim'a
579 3025 731 3088 caluerunt
753 3023 854 3083 mollia
874 3040 944 3081 saxa

235 3129 265 3178 et
285 3118 415 3179 maribus
435 3121 531 3180 nudas
552 3119 682 3180 ostendit
703 3122 813 3196 Pyrrha
834 3122 954 3197 puellas,

212 3186 383 3305 Qquidqmd
404 3226 495 3292 agunt
516 3216 660 3290 homines,
683 3228 734 3275 vot
735 3236 787 3274 urn
808 3218 909 3276 timor
915 3217 957 3274 ira
966 3213 1110 3289 voluptas

223 3278 345 3399 igaudia
365 3312 520 3385 discursus,
544 3314 633 3374 nostri
655 3317 769 3389 farrago
789 3284 879 3374 libelli
901 3324 951 3373 est.

237 3420 267 3468 et
288 3411 410 3485 quando
429 3411 547 3521 ubprior
567 3411 704 3471 vitiorum
726 3411 836 3486 copia?
863 3409 984 3486 quando

311 3607 344 3675 '67
378 3613 433 3663 salsi
449 3616 487 3667 P:
509 3616 571 3664 salso
582 3623 638 3679 po.
768 3614 800 3665 68
833 3615 917 3664 fecerit
934 3613 1014 3662 PTS:
1037 3610 1128 3661 fecerat
1140 3617 1159 3675 p
