2992 4134
525 379 634 428 LIBER
657 380 688 428 V.
713 380 855 430 SATVRA
878 381 936 432 XV.
1174 386 1228 431 111

231 524 527 602 circumscriptorem,
549 526 633 586 cuius
655 527 808 588 manantia
828 530 899 589 fletu

231 643 283 682 ora
303 623 449 700 puellares
470 623 581 683 faciunt
602 624 715 686 incerta
735 624 842 701 capilli.

231 732 354 804 naturae
375 721 499 798 imperio
520 722 675 800 gemimus,
700 744 770 784 curn
792 727 880 784 funus
901 726 1022 787 adultae

231 816 351 895 virginis
373 818 499 879 occurrit
520 822 566 879 vel
587 831 663 880 terra
683 820 831 880 clauditur
851 821 949 881 infans

231 926 260 974 et
283 914 381 974 minor
400 916 468 992 igne
488 916 559 993 rogi.
603 916 669 991 quis
691 917 771 977 enim
793 919 889 977 bonus
911 929 940 977 et
961 920 1026 978 face
1048 917 1155 996 dignus
1186 942 1232 990 ¹40

230 1031 346 1082 arcana,
370 1015 488 1088 qualem
510 1013 625 1073 Cereris
645 1015 709 1073 vult
731 1033 795 1074 esse
816 1014 962 1086 sacerdos,

231 1112 291 1169 ulla
313 1110 409 1170 aliena
430 1110 485 1171 sibi
506 1111 601 1171 credit
622 1114 722 1170 mala?
749 1121 866 1188 separat
887 1112 946 1170 hoc
967 1131 1022 1172 nos

230 1227 248 1266 a
268 1227 357 1285 grege
379 1221 537 1277 mutorum,
558 1220 648 1286 atque
669 1209 738 1269 ideo
760 1207 928 1269 venerabile
949 1208 1005 1268 soli

231 1303 326 1364 sortiti
347 1305 498 1383 ingenium
520 1307 748 1383 divinorumque
770 1326 896 1382 capaces

230 1412 320 1478 atque
342 1403 512 1462 exercendis
532 1402 742 1482 pariendisque
763 1403 874 1463 artibus
896 1401 958 1478 apti

231 1517 350 1558 sensum
372 1520 390 1558 a
410 1500 531 1559 caelesti
551 1501 713 1560 demissum
736 1499 876 1559 traximus
897 1518 973 1571 arce,

231 1595 312 1656 cuius
333 1608 421 1673 egent
442 1617 536 1673 prona
556 1609 585 1658 et
606 1609 712 1658 terram
735 1596 908 1674 spectantia.
952 1597 1055 1656 mundi

230 1691 376 1770 principio
397 1693 520 1753 indulsit
541 1696 709 1754 communis
729 1694 868 1754 conditor
888 1693 944 1752 illis

229 1802 345 1851 tantum
367 1792 490 1863 animas,
512 1791 600 1853 nobis
621 1792 754 1852 animum
777 1810 907 1869 quoque,
928 1802 1048 1850 mutuus
1070 1802 1101 1850 ut
1123 1810 1177 1852 nos

227 1889 363 1948 adfectus
383 1899 484 1964 petere
504 1889 646 1950 auxilium
668 1903 697 1950 et
718 1902 866 1967 praestare
887 1890 1010 1962 iuberet,
1183 1912 1229 1966 150

227 1984 377 2062 dispersos
397 1986 512 2045 trahere
533 1986 563 2046 in
584 1989 738 2064 populum,
760 1987 885 2064 migrare
905 1998 1023 2063 vetusto

227 2083 267 2142 de
288 2101 410 2143 nemore
431 2093 462 2143 et
481 2083 598 2161 proavis
619 2085 765 2145 habitatas
786 2085 919 2162 linquere
939 2085 1035 2154 silvas,

226 2178 384 2239 aedificare
405 2180 521 2254 domos,
543 2182 653 2242 laribus
674 2181 854 2261 coniungere
875 2183 982 2243 nostris

226 2287 340 2335 tectum
361 2276 451 2349 aliud,
472 2289 552 2338 tutos
573 2278 671 2339 vicino
692 2279 793 2339 limine
815 2299 936 2340 somnos

225 2382 259 2431 ut
280 2373 388 2431 collata
408 2375 492 2434 daret
511 2374 630 2448 fiducia,
651 2386 806 2453 protegere
827 2375 914 2435 annis

226 2471 344 2545 lapsum
364 2481 416 2529 aut
436 2469 550 2547 ingenti
571 2483 726 2532 nutantem
747 2474 869 2531 vulnere
890 2472 994 2546 civem,

226 2565 380 2625 communi
400 2568 471 2627 dare
492 2566 574 2645 signa
596 2572 677 2641 tuba,
699 2569 852 2630 defendier
872 2569 967 2630 isdem

225 2661 355 2722 turribus
376 2675 466 2740 atque
487 2685 547 2724 una
567 2677 718 2742 portarum
740 2669 822 2728 clave
843 2667 943 2727 teneri.

225 2762 280 2819 sed
302 2760 360 2819 iam
382 2773 551 2838 serpentum
573 2762 668 2822 maior
688 2765 858 2838 concordia,
881 2766 975 2842 parcit

224 2856 359 2934 cognatis
380 2859 504 2917 maculis
525 2857 627 2917 similis
648 2860 717 2932 fera,
740 2863 861 2937 quando
883 2864 962 2922 leoni
1179 2877 1224 2925 160

223 2949 328 3009 fortior
348 2949 454 3026 eripuit
474 2949 565 3010 vitam
586 2950 657 3010 leo?
684 2971 744 3028 quo
766 2973 887 3015 nemore
909 2975 1049 3032 umquam

223 3046 366 3124 expiravit
386 3066 458 3128 ¹aper
479 3045 596 3107 maioris
617 3048 757 3109 dentibus
778 3053 863 3127 apri?

224 3147 332 3205 Indica
351 3146 432 3223 tigris
453 3147 513 3224 agit
533 3146 636 3207 rabida
657 3166 726 3207 curn
747 3147 852 3225 tigride
873 3169 978 3225 pacem

223 3251 406 3316 perpetuam,
428 3241 523 3301 saevis
543 3243 620 3300 inter
639 3261 672 3300 se
692 3240 832 3301 convenit
853 3243 934 3301 ursis.

222 3347 268 3395 ast
289 3335 404 3394 homini
425 3339 532 3397 ferrum
554 3339 640 3401 letale
661 3337 770 3397 incude
791 3339 921 3398 nefanda
1178 3354 1221 3417 165

275 3562 320 3622 138
353 3560 464 3622 adultae]
477 3561 615 3611 aduitae?
714 3575 761 3630 145
795 3563 927 3633 pariendis
940 3566 1045 3618 Blitho.
1062 3563 1258 3613 *sixendstx

214 3640 385 3702 capIendrspce
518 3660 565 3710 154
599 3645 690 3700 limine
704 3668 743 3704 to:
760 3652 848 3705 limile
861 3654 888 3705 P
