2992 4134
541 343 651 391 risun
674 345 696 394 1
720 343 864 392 snran
887 342 938 392 111
1188 348 1224 411 13

224 490 333 605 quis
354 490 438 550 timet
460 501 511 549 aut
532 490 629 549 timuit
649 489 747 566 gelida
769 492 927 584 Praeneste
948 489 1077 548 ruinam
1137 556 1140 561 ¹
1181 512 1227 562 ¹90

226 553 277 650 airt
298 588 402 666 positis
423 608 582 648 nemorosa
603 589 678 647 inter
698 587 767 664 iuga
787 588 930 675 Volsiniis
951 600 1001 646 aut

226 686 410 770 sirrmlicibus
431 686 535 746 Gabiis
556 700 607 745 aut
628 686 713 762 proni
734 685 854 745 Tiburis
874 689 964 793 arce?

226 804 283 844 nos
304 787 408 844 urbem
430 784 556 843 colimus
576 783 658 843 tenui
679 783 801 843 tibicine
823 758 946 847 fultam

227 902 333 959 magna
354 893 437 957 parte
458 881 521 954 sui3
549 901 618 940 nam
628 881 682 940 sic
702 853 870 942 labentibus
892 874 993 941 obstat

219 980 339 1071 uilicus,
361 991 391 1039 et
411 979 518 1038 veteris
538 979 630 1050 rimae
651 1000 719 1039 curn
741 979 813 1041 texit
833 979 957 1053 hiatum,
1179 1001 1224 1055 ¹95

226 1098 352 1138 securos.
366 1079 518 1155 pendente
539 1078 621 1138 iubet
641 1078 770 1138 dormire
789 1060 883 1139 ruina.

226 1177 385 1235 vivendum
406 1187 451 1234 est
472 1176 531 1235 illic
553 1176 602 1234 ubi
624 1177 705 1235 nulla
725 1160 871 1246 incendia,
894 1174 968 1234 nulli

209 1285 313 1333 *nocte
335 1285 439 1332 metus.
482 1237 539 1331 iairir
562 1272 660 1348 poscit
679 1293 796 1349 aquam,
820 1273 879 1332 iam
901 1272 1003 1332 frivola
1024 1273 1158 1333 transfert

228 1362 390 1446 Ucalegtin,
413 1372 547 1431 tabulata
567 1372 621 1430 tibi
642 1372 700 1430 iam
722 1353 961 1431 te'rtia'fumant:

225 1479 258 1526 tu
279 1468 393 1542 nescis;
423 1458 492 1528 nam
515 1470 539 1528 si
559 1469 699 1556 gradibus
720 1469 883 1545 trepidatur
903 1471 941 1529 ab
963 1469 1039 1542 imis,
1175 1493 1224 1528 200

226 1565 346 1626 ultimus
367 1569 483 1627 ardebit
505 1586 595 1643 quem
617 1569 714 1644 tegula
735 1570 799 1626 sola
820 1579 917 1626 tuetur

225 1682 242 1720 a
264 1663 371 1750 pluvia,
394 1667 499 1723 molles
521 1664 571 1723 ubi
592 1666 719 1724 reddunt
740 1683 796 1723 ova
817 1666 981 1751 columbae

225 1761 319 1818 lectus
340 1772 402 1820 erat
391 1731 538 1850 tCodro
547 1764 671 1822 Procula
692 1761 806 1833 minor,
820 1744 929 1843 urceoli
940 1782 1002 1825 sex

225 1868 433 1917 ornamentum
452 1853 540 1918 abaci
561 1879 617 1919 nec
638 1879 699 1919 non
721 1870 751 1919 et
772 1862 908 1936 parvulus
930 1859 1004 1918 infra
1050 1907 1054 1928 ,

225 1956 391 2028 cantharus,
414 1964 444 2015 et
465 1959 610 2016 recubans
631 1960 687 2017 sub
708 1960 816 2061 eodem
839 1977 984 2018 marmore
1006 1959 1115 2034 Chiro;
1165 1958 1232 2034 aas

224 2052 343 2128 iamque
364 2054 447 2141 vetus
470 2056 600 2137 Graecos
621 2058 755 2115 servabat
776 2038 850 2127 cista
861 2056 995 2139 libellos,
1223 2047 1226 2051 ⁷

213 2161 254 2216 ,et
275 2149 376 2209 divina
397 2145 474 2227 opici
495 2132 641 2213 rodebant
662 2153 793 2212 carmina
814 2140 918 2214 mitres.

226 2249 267 2305 nil
288 2249 391 2308 habuit
414 2251 538 2324 Codrus,
561 2250 628 2328 quis
649 2251 728 2311 enim
751 2254 861 2328 negat?
889 2262 919 2311 et
939 2263 1039 2312 tamen
1060 2253 1133 2346 illud

225 2345 352 2420 perdidit
373 2346 475 2405 infelix
495 2360 591 2407 totum
613 2348 693 2407 nihil.
737 2349 859 2409 ultimus
879 2360 979 2410 autem

224 2462 383 2502 aerumnae
404 2447 547 2516 cumulus,
570 2447 651 2522 quod
673 2439 786 2514 nudum
807 2457 837 2505 et
858 2447 948 2524 frusta
970 2456 1121 2523 rogantem
1175 2467 1223 2504 210

225 2560 314 2600 nemo
336 2541 413 2616 cibo,
436 2560 525 2600 nemo
546 2530 674 2620 hospitio
696 2555 836 2620 tectoque
857 2531 977 2603 iuvabit.

224 2638 248 2696 si
271 2623 379 2712 magna
400 2638 526 2697 Asturici
547 2631 654 2700 cecidit
675 2642 790 2713 domus,
813 2641 931 2701 horrida
952 2652 1054 2712 mater,

225 2733 330 2810 pullati
351 2753 495 2810 proceres,
517 2737 613 2797 differt
634 2737 804 2801 vadimonia
826 2749 964 2814 praetor..

225 2844 287 2889 tum
308 2830 454 2907 gemimus
475 2835 668 2908 casusourbis,
691 2846 763 2895 tunc
785 2819 932 2896 odimus'
924 2855 1030 2912 ignem.
1165 2842 1170 2885 t

224 2929 308 2989 ardet
328 2930 435 3001 adhuc,
458 2941 487 2988 et
509 2930 567 2990 iam
588 2933 714 2992 accurrit
735 2933 787 3013 qui
807 2952 955 2993 marmora
976 2935 1077 3004 donet,
1175 2940 1235 3007 ιιςῖ

177 3019 385 3093 '',conferat'
375 3015 535 3103 inpensas,
563 3030 613 3088 hic
633 3031 715 3102 nuda
734 3040 765 3089 et
785 3030 914 3105 candida
935 3029 1027 3105 signa,

189 3094 273 3179 ''hic
293 3122 406 3197 aliquid
427 3107 609 3198 praeclarum
632 3126 832 3202 Euphranoris
854 3137 883 3185 et
904 3125 1047 3201 Polycliti,

224 3220 298 3298 haec
319 3219 495 3280 Asianomm
517 3233 616 3282 vetera
636 3234 811 3282 ornamenta
831 3224 965 3294 deorum,

224 3315 272 3374 hic
293 3316 382 3410 libros
403 3316 487 3378 dabit
507 3330 537 3378 et
557 3320 666 3380 forulos
687 3320 877 3396 mediamque
900 3320 1075 3392 Minervam,

196 3542 220 3572 Ὗ
274 3557 322 3590 aro
354 3549 391 3591 est
403 3543 515 3592 cumulus
527 3544 563 3592 P:
579 3551 616 3592 est
626 3545 709 3592 struck
719 3543 803 3607 outby
808 3550 838 3607 p,
849 3544 951 3593 onzitted
960 3544 1019 3591 into
1082 3545 1128 3592 218
1161 3544 1222 3592 haec

225 3621 375 3670 Asianorum
391 3625 445 3672 PS:
464 3623 643 3673 lecasianonrm
655 3634 695 3688 po
