2992 4134
292 357 351 420 106
688 366 889 417 rvvnunnrs

286 516 403 578 acribus
423 516 567 592 exemplis
587 515 691 577 videor
712 526 743 577 te
764 517 908 577 cludere?
935 513 1033 576 misce'

287 634 356 692 ergo
376 613 488 690 aliquid
510 611 617 672 nostris
640 613 678 672 de
701 612 840 684 moribus,
864 613 947 672 effice
969 630 1116 672 summam

287 711 332 772 bis
354 723 467 788 septem
489 707 643 770 ordinibus
665 729 758 785 quam
778 711 827 769 lex
847 709 984 788 dignatur
1005 708 1142 770 Othonis.

286 807 361 868 haec
382 827 502 885 quoque
523 806 547 866 si
569 826 669 884 rugam
692 807 780 867 trahit
803 807 995 885 extenditque
1015 808 1165 882 labellum,
1242 829 1286 883 3²5

287 925 372 965 sume
393 907 469 965 duos
490 903 613 979 equites,
635 904 682 961 fac
703 905 789 962 tertia
810 902 1033 981 quadringenta.

288 1003 312 1062 si
332 1003 469 1063 nondum
489 999 601 1077 inplevi
621 998 774 1074 gremium,
798 999 822 1060 si
842 1002 981 1078 panditur
1002 1002 1085 1072 ultra,

288 1122 344 1161 nec
366 1098 469 1161 Croesi
490 1098 607 1157 fortuna
627 1117 770 1174 umquam
791 1117 848 1157 nec
870 1097 987 1158 Persica
1007 1117 1097 1175 regna

288 1197 433 1258 sufficient
454 1195 555 1256 animo
575 1214 631 1254 nec
652 1193 773 1254 divitiae
795 1194 933 1266 Narcissi,

288 1295 409 1355 indulsit
431 1296 541 1354 Caesar
560 1291 608 1351 cui
631 1292 775 1352 Claudius
797 1291 906 1362 omnia,
929 1291 1013 1352 cuius

289 1391 383 1469 paruit
404 1390 534 1468 imperiis
555 1410 676 1451 uxorem
699 1389 837 1449 occidere
859 1391 962 1449 iussus.

656 1821 821 1878 SATVRA
850 1819 915 1876 XV.

290 1983 365 2059 Quis
386 1984 487 2057 nescit,
511 1983 616 2043 Volusi
637 1982 802 2059 Bithynice,
824 1984 924 2060 qualia
944 1986 1070 2045 demens

291 2085 442 2159 Aegyptos
463 2092 601 2159 portenta
622 2083 723 2140 colat?
751 2082 924 2141 crocodilon
946 2083 1049 2141 adorat

270 2182 355 2256 'pars
377 2182 460 2250 haec,
483 2181 532 2239 illa
553 2191 641 2257 pavet
663 2189 794 2238 saturam
816 2179 1002 2256 serpentibus
1023 2179 1094 2240 ibin.

289 2275 398 2353 effigies
420 2276 495 2335 sacri
517 2276 592 2335 nitet
613 2296 702 2334 aurea
723 2276 931 2352 cercopitheci,

289 2373 414 2434 dimidio
435 2374 567 2452 magicae
589 2385 730 2434 resonant
752 2373 803 2432 ubi
827 2377 992 2433 Memnone
1013 2375 1145 2434 chordae

289 2481 379 2546 atque
400 2483 484 2531 vetus
506 2472 611 2532 Thebe
633 2483 756 2531 centum
777 2471 854 2532 iacet
875 2473 980 2531 obruta
999 2471 1100 2549 portis.

289 2567 349 2626 illic
370 2570 494 2638 aeluros
517 2569 566 2629 hic
587 2569 699 2645 piscem
722 2568 860 2639 fluminis,
883 2568 942 2628 illic

289 2664 402 2741 oppida
424 2677 488 2725 tota
508 2686 613 2726 canem
636 2677 822 2738 venerantur,
847 2686 936 2726 nemo
959 2666 1095 2725 Dianam.

289 2782 407 2839 porrum
430 2774 459 2823 et
480 2783 572 2840 caepe
593 2767 677 2824 nefas
698 2764 809 2823 violare
831 2775 860 2823 et
881 2767 1014 2841 frangere
1035 2786 1134 2825 morsu
1145 2788 1153 2839 ;

289 2879 307 2919 o
328 2871 445 2920 sanctas
466 2871 570 2937 gentes
592 2861 699 2937 quibus
720 2862 795 2919 haec
816 2873 979 2920 nascuntur
999 2861 1030 2919 in
1052 2863 1143 2922 hortis

289 2955 417 3015 numina.
460 2956 566 3016 lanatis
587 2957 766 3016 animalibus
787 2958 917 3017 abstinet
939 2958 1036 3016 omnis

289 3072 400 3126 mensa,
422 3055 506 3113 nefas
528 3053 588 3114 illic
609 3056 703 3113 fetum
725 3053 856 3129 iugulare
877 3057 1028 3130 capellae:

288 3149 426 3208 carnibus
448 3148 586 3209 humanis
607 3148 687 3209 vesci
708 3147 786 3207 licet.
830 3151 959 3210 attonito
981 3172 1050 3210 cum

288 3249 347 3306 tale
367 3267 455 3324 super
477 3266 583 3307 cenam
605 3245 720 3306 lacinus
741 3257 871 3306 narraret
892 3247 996 3308 Ulixes

289 3345 424 3419 Alcin00,
448 3347 538 3405 bilem
560 3355 611 3404 aut
631 3342 722 3404 risum
743 3345 868 3404 fortasse
890 3345 1070 3422 quibusdam
1260 3371 1290 3426 15

325 3564 396 3602 ΧΠ
434 3553 535 3618 Volusi]
551 3552 634 3604 bolusi
644 3553 683 3603 P:
701 3552 765 3603 volsi
771 3560 793 3617 p
929 3567 942 3617 7
977 3555 1028 3606 illic
1040 3556 1136 3606 aeluros
1147 3557 1289 3608 Brodaeus:

259 3631 438 3687 illicaeruleos
448 3639 489 3689 Α·
506 3637 562 3691 illic
573 3639 706 3694 caeruleos
719 3657 738 3690 ω
749 3637 833 3692 Brut.
