2992 4134
511 349 623 398 LIBER
645 349 677 402 V.
699 349 845 400 SATVRA
868 350 947 400 Xlll.

231 495 356 557 barbato
374 494 551 574 cuicumque
571 515 655 574 puer,
675 497 747 557 licet
766 497 832 574 ipse
852 498 966 559 videret

231 593 317 670 plura
336 593 419 653 domi
438 595 519 672 fraga
538 605 570 655 et
588 593 717 654 maiores
737 594 853 672 glandis
873 615 994 656 acervos
1004 618 1013 669 ;

230 701 294 751 tam
313 690 481 752 venerabile
502 703 564 752 erat
585 693 762 770 praecedere
782 705 924 771 quattuor
943 695 1037 768 annis,

229 788 385 865 primaque
403 807 458 864 par
476 789 556 850 adeo
575 809 676 850 sacrae
695 791 806 868 lanugo
826 803 975 852 senectae.

231 884 356 945 nuncsi
376 885 546 962 depositum
566 906 630 948 non
650 886 794 948 infitietur
812 888 934 961 amicus,

230 979 257 1040 si
276 980 381 1040 reddat
400 991 530 1042 veterem
551 1000 621 1041 cum
641 992 706 1043 tota
724 984 863 1063 aerugine
883 986 995 1059 follem,

230 1075 400 1155 prodigiosa
418 1079 493 1140 fides
514 1091 545 1140 et
564 1080 671 1141 Tuscis
692 1080 783 1158 digna
802 1082 909 1143 libellis

230 1193 368 1251 quaeque
388 1187 530 1236 coronata
548 1177 662 1238 lustrari
683 1179 794 1239 debeat
813 1198 897 1256 agna

230 1272 377 1351 egregium
398 1285 593 1352 sanctumque
613 1274 708 1336 virum
729 1275 755 1336 si
775 1296 875 1350 cerno,
897 1274 1055 1339 bimembri

229 1370 289 1430 hoc
308 1382 472 1432 monstrum
493 1391 587 1448 puero
608 1375 656 1432 vel
676 1372 795 1433 miranti
815 1375 871 1434 sub
892 1385 988 1434 aratro

229 1465 359 1543 piscibus
379 1466 507 1530 inventis
527 1481 558 1530 et
577 1471 656 1530 letae
676 1490 818 1548 comparo
838 1474 947 1543 mulae,

230 1564 381 1637 sollicitus,
402 1576 556 1642 tamquam
576 1565 693 1642 lapides
713 1567 849 1628 effuderit
869 1565 965 1626 imber

229 1681 414 1740 examenque
433 1662 535 1740 apium
555 1666 645 1740 longa
664 1664 834 1725 consederit
855 1684 913 1724 uva

228 1758 358 1820 culmine
378 1759 501 1831 delubri,
521 1771 674 1838 tamquam
694 1760 726 1820 in
746 1781 828 1822 mare
850 1760 964 1821 fluxerit
984 1759 1080 1820 amnis

227 1857 390 1934 gurgitibus
411 1857 493 1918 miris
513 1868 545 1919 et
564 1858 649 1918 lactis
669 1857 780 1919 vertice
802 1870 925 1918 torrens.
1196 1876 1228 1928 70

268 1954 440 2031 intercepta
452 1956 556 2015 deoem
578 1955 708 2032 quereris
729 1955 864 2015 sestertia
884 1953 986 2014 fraude

228 2051 378 2128 sacrilega
419 2050 492 2129 quid
513 2054 537 2112 si
558 2051 604 2113 bis
624 2064 746 2113 centum
767 2051 897 2128 perdidit
918 2054 992 2111 alter

226 2149 286 2209 hoc
305 2169 413 2209 arcana
434 2151 548 2210 modo?
588 2152 731 2212 maiorem
753 2149 855 2210 tertius
875 2149 926 2209 illa

227 2266 383 2322 summam,
404 2266 495 2324 quam
516 2249 635 2325 patulae
655 2247 703 2307 vix
724 2258 843 2323 ceperat
863 2248 988 2324 angulus
1009 2246 1116 2305 arcae?

227 2355 289 2404 tam
309 2344 395 2405 facile
415 2356 445 2405 et
465 2364 593 2421 pronum
615 2357 659 2406 est
680 2365 801 2422 superos
823 2356 1015 2407 contemnere
1036 2355 1133 2415 testes,
1194 2362 1224 2414 75

227 2441 252 2500 si
272 2441 403 2502 mortalis
424 2439 505 2502 idem
526 2461 617 2502 nemo
638 2441 720 2502 sciat.
763 2440 864 2519 aspice
885 2452 996 2518 quanta

226 2557 300 2598 voce
321 2549 418 2615 neget,
440 2558 518 2615 quae
539 2540 576 2598 sit
597 2539 657 2599 ficti
678 2538 847 2600 constantia
868 2540 971 2599 vultus.

226 2654 279 2711 per
299 2635 375 2694 Solis
395 2635 495 2696 radios
514 2636 701 2714 Tarpeiaque
721 2635 846 2697 fulmina
867 2635 941 2694 iurat

226 2741 257 2791 et
278 2731 382 2792 Martis
402 2733 544 2794 frameam
565 2745 595 2795 et
616 2733 747 2797 Cirrhaei
769 2733 882 2810 spicula
902 2732 984 2804 vatis,

226 2849 279 2907 per
299 2831 428 2890 calamos
448 2831 604 2892 venatricis
624 2834 852 2909 pharetramque
873 2833 991 2908 puellae
1192 2837 1225 2888 80

225 2947 336 3005 perque
358 2939 449 3001 tuum,
472 2940 556 3005 pater
577 2931 688 3009 Aegaei
710 2933 861 3007 Neptune,
883 2929 1051 3001 tridentem,

225 3025 309 3086 addit
329 3038 360 3087 et
381 3028 548 3088 Herculeos
567 3048 653 3088 arcus
674 3030 849 3104 hastamque
871 3025 1034 3097 Minervae,

225 3123 370 3201 quidquid
390 3125 502 3186 habent
522 3127 648 3186 telorum
670 3122 897 3184 armamentaria
918 3121 1000 3181 caeli.

225 3221 250 3279 si
269 3239 340 3281 vero
360 3232 391 3280 et
410 3231 495 3297 pater
514 3233 567 3293 est,
591 3222 778 3283 ‘comedam'
800 3216 897 3295 inquit
919 3215 1033 3276 ‘flebile
1054 3215 1115 3275 nati

224 3318 352 3395 sinciput
373 3318 439 3378 elixi
460 3319 626 3396 Pharioque
647 3316 797 3379 madentis
818 3318 922 3376 aceto!
1192 3324 1221 3387 85

317 3551 346 3604 57
380 3540 448 3604 fraga
459 3541 498 3589 P:
514 3540 623 3608 sarrapu
756 3536 790 3607 65
822 3536 976 3605 mirant'tpt
989 3533 1153 3586 mirandst

303 3631 340 3687 70
369 3621 452 3687 miris]
465 3623 551 3685 miniis
563 3626 613 3688 (ae.
629 3625 796 3696 sanguineis)
813 3628 933 3686 Persona
952 3623 1020 3674 duis
1031 3619 1103 3684 conj.
1119 3611 1193 3664 birth
