2992 4134
271 337 315 402 74
671 339 871 389 rvvsmrnrs

271 482 419 543 interdum
440 483 490 544 ille
510 484 595 544 dolor
616 486 683 561 plus
705 506 794 563 quam
817 490 864 548 lex
884 490 946 548 ulla
967 489 1063 549 dolori
1225 515 1274 567 315
1304 539 1305 542 ,

270 579 436 656 concessit,
464 592 552 642 necat
574 580 623 641 hic
644 585 729 655 ferro,
753 596 835 645 secat
856 584 905 646 ille
917 587 1105 662 flagellis.¹
1109 614 1135 659 r?-
1298 589 1300 593 ’

244 731 254 737 .
273 680 342 738 ‘sed
363 690 446 738 casto
466 679 541 773 quid
561 683 656 741 forma
676 685 803 744 nocet?'
831 666 904 761 quid
925 683 1063 760 profuit
1055 705 1148 744 rmmo

272 774 442 852 Hippolyto
461 766 557 851 graue¹
570 777 765 853 propositum,
788 777 860 855 quid
882 773 1130 856 Bellerophonti?
1224 804 1274 856 3²5

271 873 386 933 embuit
407 859 517 951 nempe
538 875 612 935 haec
632 895 688 937 eeu
708 876 839 937 fastidita
859 879 984 953 repulsa,

229 1032 231 1036 .
273 993 328 1032 nec
349 975 538 1034 Stheneboea
559 973 656 1034 minus
677 995 771 1052 quam
790 977 897 1036 Cressa
918 948 1093 1048 excanduit,
1108 988 1138 1037 et
1159 996 1191 1037 se

270 1088 446 1132 concussere
467 1073 581 1132 ambae
626 1073 729 1134 mulier
751 1074 921 1134 saevissima
942 1085 1015 1135 tune
1036 1086 1088 1145 est,
1176 1130 1178 1136 ,

271 1187 339 1257 epm
361 1167 496 1237 stimulos
517 1168 589 1229 odio
610 1171 708 1246 pudor
728 1173 876 1231 admovet.
920 1171 996 1250 elige
1017 1172 1161 1249 quidnam
1227 1247 1229 1252 Ι
1258 1221 1260 1225 a

271 1257 457 1326 suadendum
479 1286 544 1327 esse
566 1279 652 1345 putes
673 1270 721 1328 cui
742 1271 856 1330 nubere
878 1270 1013 1330 Caesaris
1035 1289 1107 1329 uxor
1224 1293 1274 1345 330

270 1364 417 1424 destinat
451 1363 582 1442 optimus
603 1367 652 1425 hic
674 1377 703 1426 et
724 1366 954 1426 formosissimus
976 1367 1056 1427 idem

269 1460 365 1538 gentis
386 1460 532 1541 patriciae
545 1460 657 1563 rapitur
678 1461 768 1521 miser
789 1460 1006 1539 extinguendus

272 1559 449 1621 Messalinae
469 1560 582 1635 oeulis;
610 1525 742 1620 dudu'rii’
747 1562 832 1631 sedet
853 1561 903 1625 illa
923 1572 1025 1638 parato

270 1656 438 1716 flammeolo
459 1656 625 1734 Tyriusque
646 1659 745 1731 palam
766 1638 918 1737 genialis
911 1679 941 1717 ιιι
963 1658 1055 1718 hortis

270 1753 407 1814 sternitur
427 1765 456 1814 et
477 1756 533 1813 ritu
555 1753 655 1814 decies
670 1765 805 1837 centena
826 1757 976 1816 dabuntur

270 1851 401 1928 antiquo
424 1852 522 1912 veniet
543 1872 611 1911 cum
632 1827 831 1958 signatoribus
852 1874 971 1931 auspex.

270 1949 344 2007 haec
364 1959 396 2008 tu
417 1960 530 2008 secreta
551 1960 580 2008 et
601 1947 704 2024 paucis
726 1949 886 2010 commissa
906 1953 1054 2027 putabas?

269 2066 331 2106 non
352 2046 408 2106 nisi
428 2046 559 2123 legitime
580 2047 643 2106 vult
664 2046 783 2106 nubere.
827 2047 899 2122 quid
921 2049 1037 2124 placeat
1059 2048 1115 2125 dic

270 2145 299 2203 ni
320 2163 422 2220 parere
443 2143 523 2216 veliS,
546 2144 733 2219 pereundum
755 2143 810 2231 erit
831 2155 900 2204 ante
921 2146 1074 2220 lucernas3

269 2240 294 2300 si
315 2244 411 2302 scelus
431 2242 581 2314 admittas
603 2241 722 2302 dabitur
743 2261 826 2302 mora
847 2245 978 2336 parvula,
1000 2243 1072 2337 dum
1094 2263 1139 2304 res
1223 2268 1271 2319 340

270 2352 341 2415 nota
361 2340 426 2421 urbi
447 2352 477 2401 et
497 2341 611 2419 populo
632 2339 785 2419 contingat
807 2339 951 2417 principis
972 2328 1082 2402 aurem.

269 2416 401 2498 dedecus
421 2437 471 2498 ille
492 2440 600 2498 domus
621 2438 693 2499 sciet
715 2434 855 2512 ultimus;
864 2425 996 2501 interea
1017 2450 1048 2499 tu

249 2555 252 2561 ·
269 2536 463 2614 obsequere
454 2539 590 2614 tmperio‚
613 2537 638 2598 si
659 2537 734 2598 tanti
755 2537 816 2597 vita
837 2537 953 2598 dierum

269 2654 440 2710 paucorum.
484 2634 631 2712 quidquid
651 2636 744 2696 levius
765 2636 908 2698 meliusre
929 2637 1049 2714 putaris,

268 2732 438 2810 praebenda
460 2742 505 2791 est
524 2732 624 2817 gladio
644 2732 769 2809 pulchra
789 2734 865 2792 haec
886 2747 915 2794 et
936 2733 1065 2794 eandida
1078 2735 1191 2807 cervix.
1221 2757 1268 2810 345

309 2831 352 2891 nil
372 2849 441 2910 ergo
462 2831 608 2908 optabunt
629 2831 789 2890 homines?
817 2830 841 2890 si
863 2832 1019 2911 consilium
1040 2831 1092 2905 vis,

269 2923 422 3008 permit'tes
443 2928 514 3011 ipsis
536 2931 703 3006 expendere
724 2929 898 3006 numinibus
920 2930 992 3005 quid

268 3026 427 3088 conveniat
448 3025 534 3101 nobis
555 3027 702 3102 rebusque
723 3024 762 3085 sit
782 3024 855 3085 utile
877 3026 990 3087 nostris.

269 3146 338 3187 nam
359 3144 413 3202 pro
435 3123 574 3184 iucundis
594 3123 750 3201 aptissima
769 3141 905 3203 quaeque
927 3125 1041 3184 dabunt
1063 3125 1102 3197 di,

268 3223 362 3282 carior
383 3233 426 3281 est
447 3221 504 3282 illis
525 3223 617 3282 homo
638 3208 729 3296 quam
752 3220 816 3280 sibi
859 3241 915 3281 nos
936 3222 1102 3282 animorum
1221 3245 1269 3296 350

269 3321 386 3398 inpulsu
408 3333 438 3381 et
457 3341 548 3382 caeca
568 3339 737 3398 magnaque
758 3318 899 3396 cupidine
921 3320 1002 3380 ducti

269 3416 439 3494 coniugium
459 3416 587 3494 petimus
608 3427 787 3492 partumque
808 3414 915 3488 uxoris,
937 3427 968 3474 at
989 3415 1047 3476 illis

606 3629 656 3696 326
687 3629 761 3692 haec]
779 3629 826 3678 hae
837 3629 928 3693 Haupt
