2992 4134
530 351 643 403 LIBER
665 353 697 405 V.
720 353 867 406 SATVRA
889 352 963 405 XIV.

242 498 399 562 concisum
421 511 577 579 argentum
598 500 630 562 in
651 500 753 562 titulos
774 500 925 578 faciesque
946 500 1085 559 minutas.

242 609 404 658 occurrunt
424 600 521 659 nubes
542 608 573 658 et
594 598 727 677 fulgura:
756 597 880 659 ‘solvite
901 599 1020 658 funem'

242 694 385 756 frumenti
406 694 549 756 dominus
570 697 680 756 clamat
702 694 851 773 piperisve
872 694 1004 772 coempti

243 791 304 852 ‘nil
324 793 409 853 color
428 791 479 852 hic
499 791 585 864 caeli,
607 792 650 853 nil
671 792 764 852 fascia
785 791 869 870 nigra
890 791 1037 866 minatur;

241 887 390 949 aestivum
411 888 515 949 tonat’
556 887 660 949 infelix
680 889 738 950 hae
759 889 883 950 forsitan
903 888 969 966 ipsa
1208 909 1255 960 ²95

241 998 334 1047 nocte
354 987 443 1048 cadet
462 987 563 1048 fractis
584 988 718 1048 trabibus
740 989 893 1065 fluctuque
915 997 1065 1064 premetur

241 1084 367 1144 obrutus
389 1096 419 1145 et
440 1103 549 1146 zonam
571 1086 656 1146 laeva
677 1104 840 1163 morsuque
861 1084 983 1145 tenebit.

242 1181 296 1241 sed
317 1180 403 1242 cuius
423 1181 503 1243 votis
523 1184 618 1244 modo
638 1203 701 1244 uon
723 1185 881 1244 suffecerat
902 1201 1006 1242 aurum

243 1279 326 1355 quod
347 1281 449 1357 Tagus
470 1293 501 1341 et
522 1280 610 1341 rutila
632 1280 724 1340 volvit
747 1281 887 1340 Pactolus
909 1281 1030 1351 harena,

243 1374 350 1452 frigida
370 1377 519 1437 sufficient
538 1377 667 1438 velentis
687 1376 812 1456 inguina
832 1376 925 1453 panni
1207 1393 1255 1445 300

242 1471 427 1551 exiguusque
448 1474 541 1548 cibus,
563 1495 662 1536 mersa
682 1487 744 1536 rate
766 1476 925 1551 naufragus
947 1492 1043 1533 assem

242 1572 316 1632 dum
339 1585 423 1650 rogat
444 1586 475 1634 et
495 1574 576 1651 picta
597 1593 630 1636 se
651 1585 829 1651 tempestate
851 1583 956 1633 tuetur.

283 1667 373 1729 tantis
394 1681 481 1746 parta
501 1673 586 1732 malis
607 1691 679 1733 cura
699 1671 811 1732 maiore
834 1682 975 1747 metuque

242 1780 404 1844 servantur,
428 1769 535 1831 misera
557 1770 723 1849 estmagni
744 1768 884 1830 custodia
904 1786 1019 1829 census.

242 1864 395 1943 dispositis
417 1868 573 1944 praedives
593 1868 669 1928 amis
690 1867 811 1945 vigilare
832 1869 986 1926 cohortem

241 1983 394 2025 servorum
416 1978 508 2027 noctu
530 1966 654 2027 Licinus
675 1967 769 2040 iubet,
791 1964 935 2025 attonitus
957 1981 1010 2039 pro

241 2062 354 2121 electro
375 2062 527 2140 signisque
548 2063 609 2124 suis
630 2063 816 2141 Phrygiaque
837 2063 977 2121 columna

241 2171 333 2236 atque
354 2161 446 2221 ebore
467 2171 497 2221 et
517 2162 578 2222 lata
599 2161 758 2222 testudine.
802 2157 884 2220 dolia
905 2155 978 2217 nudi

241 2276 304 2318 non
327 2259 432 2318 ardent
453 2259 551 2337 cynici
560 2281 569 2333 ;
598 2259 623 2319 si
644 2258 772 2336 fregeris,
794 2259 887 2317 altera
907 2257 957 2315 fiet

241 2372 307 2412 cras
328 2354 446 2426 domus,
468 2365 560 2431 atque
580 2355 687 2414 eadem
708 2353 835 2430 plumbo
856 2349 1015 2412 commissa
1037 2347 1176 2407 manebit.
1201 2367 1248 2417 310

242 2449 335 2511 sensit
356 2453 536 2524 Alexander,
559 2464 635 2513 testa
655 2471 725 2511 cum
745 2450 821 2512 vidit
843 2450 873 2509 in
895 2449 945 2508 illa

243 2569 383 2627 magnum
406 2550 614 2624 habitatorem,
638 2560 752 2627 quanto
773 2547 885 2608 felicior
906 2545 955 2605 hic
976 2543 1027 2622 qui

242 2646 284 2706 nil
305 2661 428 2726 cuperet
449 2669 539 2727 quam
561 2649 613 2726 qui
635 2659 732 2710 totum
754 2647 810 2708 sibi
831 2656 968 2724 posceret
990 2645 1093 2705 orbem

242 2764 382 2821 passurus
401 2745 493 2823 gestis
513 2747 670 2823 aequanda
690 2745 822 2823 pericula
842 2745 937 2805 rebus.

241 2844 356 2902 nullum
377 2863 491 2904 numen
512 2845 605 2905 habes
626 2844 651 2903 si
672 2844 709 2904 sit
730 2845 894 2921 prudentia,
917 2863 972 2903 nos
994 2854 1032 2917 te,
1199 2858 1245 2911 315

241 2961 297 3000 nos
319 2940 451 3012 facimus,
473 2945 613 3014 Fortuna,
637 2944 734 3004 deam.
778 2962 916 3004 mensura
937 2953 1036 3001 tamen
1058 2957 1134 3015 quae

241 3039 365 3098 sufficiat
385 3059 500 3113 census,
524 3040 615 3119 siquis
637 3061 685 3102 me
706 3043 850 3110 consulat,
873 3040 979 3100 edam:

242 3137 273 3196 in
294 3149 438 3214 quantum
460 3139 522 3199 sitis
543 3152 633 3217 atque
653 3142 747 3200 fames
769 3151 798 3200 et
820 3138 926 3215 frigora
947 3143 1083 3212 poscunt,

241 3246 397 3310 quantum,
420 3235 557 3312 Epicure,
580 3237 632 3298 tibi
654 3238 751 3315 parvis
773 3233 888 3297 suffecit
909 3233 941 3291 in
962 3229 1062 3301 hortis,

241 3344 386 3406 quantum
408 3334 550 3396 Socratici
572 3346 715 3414 ceperunt
735 3345 807 3395 ante
827 3342 968 3410 penates,
1196 3346 1244 3398 3²0

241 3451 404 3507 numquam
425 3432 505 3493 aliud
527 3446 638 3512 natura,
661 3435 743 3496 aliud
765 3431 912 3511 sapientia
933 3427 1012 3490 dicit.

573 3644 624 3715 ²96
656 3650 735 3704 cadet
746 3669 788 3708 u:
807 3650 919 3708 eaditP
