2992 4134
608 346 806 396 rvvunnurs
882 325 885 331 ’

566 693 731 754 SATVRA
758 691 849 749 VIII.

210 891 373 949 Stemmata
394 887 467 964 quid
488 886 621 947 faciunt?
649 885 722 963 quid
742 887 873 963 prodest,
896 884 1028 955 Pontice,
1052 885 1142 960 longo

210 987 354 1062 sanguine
375 984 498 1059 censeri,
521 985 617 1061 pictos
639 984 797 1044 ostendere
818 983 915 1042 vultus

210 1082 356 1142 maiorum
378 1094 408 1142 et
429 1081 534 1142 stantis
556 1080 586 1139 in
608 1080 740 1140 curribus
762 1077 945 1140 Aemilianos

210 1190 239 1240 et
261 1179 367 1240 Curios
388 1179 446 1238 iam
468 1177 609 1238 dimidios
630 1196 810 1254 umerosque
831 1176 977 1237 minorem

210 1276 373 1337 Corvinum
395 1286 425 1336 et
447 1276 573 1335 Galbam
595 1274 732 1335 auriculis
754 1293 888 1350 nasoque
909 1275 1081 1334 carentem?
1197 1293 1211 1346 5

211 1373 276 1450 quis
298 1376 408 1434 fructus
429 1373 545 1450 generis
566 1373 668 1432 tabula
688 1372 798 1432 iactare
818 1371 922 1448 capaci

212 1469 382 1544 Corvinum,
406 1471 530 1547 posthac
551 1470 645 1529 multa
666 1469 838 1546 contingere
858 1469 939 1546 virga

211 1570 344 1628 fumosos
365 1568 499 1645 equitum
521 1588 589 1627 cum
611 1567 758 1627 dictatore
779 1567 942 1644 magistros,

212 1665 236 1723 si
257 1685 356 1725 coram
380 1664 501 1742 Lepidis
522 1667 600 1725 male
620 1664 747 1725 vivitur?
775 1664 885 1741 effigies
906 1684 967 1740 quo

213 1775 257 1823 tot
279 1766 465 1836 bellatorum,
488 1763 513 1822 si
534 1764 645 1823 luditur
665 1765 731 1823 alea
752 1781 867 1838 pernox

212 1875 281 1923 ante
304 1862 511 1933 Numantinos,
535 1861 560 1919 si
581 1860 710 1921 dormire
730 1861 837 1937 incipis
858 1874 923 1922 ortu

213 1958 325 2019 luciferi
346 1978 406 2034 quo
428 1958 511 2035 signa
532 1959 625 2018 duces
646 1967 676 2016 et
697 1967 792 2016 castra
813 1959 998 2019 movebant?

214 2076 267 2115 cur
287 2054 486 2131 Allobrogicis
507 2064 537 2114 et
558 2073 667 2131 magna
687 2054 816 2130 gaudeat
837 2074 887 2113 ara

214 2165 301 2212 natus
322 2151 352 2210 in
375 2153 527 2211 Herculeo
550 2149 660 2209 Fabius
681 2151 750 2222 lare,
772 2149 797 2209 si
818 2149 954 2228 cupidus,
976 2150 1001 2211 si

214 2270 308 2310 vanus
329 2261 358 2310 et
381 2253 522 2326 Euganea
542 2246 743 2324 quamtumvis
765 2248 882 2309 mollior
903 2269 987 2326 agna,
1188 2273 1215 2324 15

215 2347 239 2406 si
261 2359 395 2407 tenerum
418 2347 534 2406 attritus
556 2343 710 2405 Catinensi
731 2343 850 2421 pumice
870 2346 1005 2405 lumbum

215 2445 378 2522 squalentis
400 2443 527 2504 traducit
548 2464 620 2504 avos
641 2454 819 2521 emptorque
840 2444 948 2505 veneni

216 2544 377 2619 frangenda
398 2541 535 2602 miseram
557 2541 686 2601 funestat
706 2541 836 2619 imagine
856 2546 998 2621 gentem?

217 2651 279 2699 tota
299 2639 368 2699 licet
388 2650 504 2700 veteres
526 2649 670 2700 exornent
690 2639 825 2716 undique
846 2660 931 2702 cerae

216 2737 299 2809 atria,
322 2736 461 2796 nobilitas
484 2738 547 2797 sola
569 2749 613 2796 est
634 2748 725 2812 atque
746 2737 835 2798 unica
855 2738 955 2799 virtus.
1186 2763 1219 2798 20

218 2837 327 2895 Paulus
348 2835 395 2894 vel
417 2835 529 2894 Cossus
550 2835 597 2894 vel
619 2837 735 2894 Dmsus
756 2835 887 2895 moribus
908 2847 982 2908 esto,

218 2934 272 2992 hos
293 2942 363 2993 ante
385 2930 496 3006 effigies
517 2929 662 2989 maiorum
685 2950 765 3008 pone
786 2942 913 3004 tuorum,

218 3030 399 3106 praecedant
420 3027 499 3104 ipsas
520 3025 562 3085 illi
583 3037 613 3086 te
634 3028 757 3087 consule
777 3027 880 3104 virgas.

217 3127 313 3204 prima
333 3125 406 3185 mihi
427 3125 519 3185 debes
540 3123 632 3184 animi
652 3125 741 3184 bona.
786 3135 906 3185 sanctus
927 3127 1028 3188 haberi

218 3224 407 3300 iustitiaeque
429 3235 517 3283 tenax
537 3221 621 3282 sactis
643 3221 791 3299 dictisque
811 3222 952 3283 mereris?

218 3340 351 3398 agnosco
373 3339 527 3396 procerem
538 3341 547 3393 ς
571 3320 650 3378 salve
672 3319 837 3391 Gaetulice,
859 3339 911 3381 seu
932 3332 964 3382 tu

219 3419 345 3493 Silanus,
368 3437 558 3494 quocumque
579 3417 699 3477 allode
720 3417 871 3494 sanguine,
893 3438 974 3478 rarus

268 3626 350 3678 vult
384 3615 498 3678 posthac]
515 3631 587 3679 posse
598 3631 628 3664 ac
645 3615 745 3679 Withof
836 3619 852 3666 8
885 3615 1043 3667 fumososP:
1061 3617 1196 3682 famososp
