2992 4134
552 361 662 409 LIBER
686 360 707 409 1.
730 359 874 410 SATVRA
898 358 949 407 111.
1197 358 1231 402 11

241 507 368 580 servitii;
395 464 542 582 nuseiuam
563 505 661 565 minor
681 516 724 564 est
759 505 869 563 iactura
889 500 1012 569 clientis.
1190 520 1234 572 ¹25

281 604 361 679 quod
382 622 470 679 porro
491 594 631 673 officium,
654 622 693 662 ne
714 601 802 660 nobis
824 600 966 673 blandiar,
987 611 1038 658 aut
1058 599 1137 674 quod
1236 679 1239 683 ι

241 698 378 776 pauperis
399 697 447 757 hic
468 697 613 771 meritum,
636 697 661 756 si
682 709 763 757 curet
764 707 879 795 diffie.
894 705 1010 778 togatus
1083 761 1088 775 x

193 865 196 889 ,
241 816 362 869 currere,
385 815 453 881 cum
474 780 593 872 praetor
613 777 750 854 lictorem¹
769 779 902 871 impess'a't
923 805 952 853 et
972 792 1014 853 ire

242 884 431 971 praecipitem
447 886 554 952 'iubeat
574 888 688 952 dudum
711 891 898 969 vigilantibus
920 890 1007 962 orbis

194 1012 196 1038 ³
241 1011 280 1052 ne
300 992 379 1067 prior
399 991 539 1050 Albinam
560 1002 590 1049 et
611 990 747 1049 Modiam
768 971 882 1067 cdllega
903 991 1029 1050 salutet?
1192 1010 1238 1060 130

242 1089 339 1148 divitis
360 1087 409 1148 hic
430 1107 514 1147 servo
535 1087 627 1147 cludit
650 1074 943 1165 latussingenuorum
964 1092 997 1159 t·-
1091 1118 1095 1125 ·

241 1168 341 1259 filius);'
363 1186 437 1244 alter
457 1185 536 1243 enim
558 1174 703 1259 quantum
725 1184 756 1243 in
777 1182 894 1261 legione
914 1183 1024 1245 tribuni

241 1281 399 1359 accipiunt,
422 1283 513 1340 donat
535 1281 676 1341 Calvinae
697 1284 743 1342 vel
766 1283 916 1343 Catienae.

194 1418 205 1453 -,.
242 1381 281 1438 da
301 1391 406 1439 testem
429 1381 546 1438 Romae
569 1391 627 1437 tam
650 1391 797 1461 sanctum²
817 1398 907 1456 quarn
928 1378 982 1440 fuit
1002 1380 1109 1457 hospes

194 1472 201 1505 ⁵
242 1474 370 1535 numinis
392 1476 484 1550 Idaei,
508 1477 650 1552 procedat
671 1478 718 1536 vel
740 1479 840 1536 Numa
861 1479 908 1537 vel
928 1477 979 1553 qui

241 1572 366 1632 servavit
386 1572 531 1648 trepidam
552 1572 686 1672 flagranlti
708 1593 745 1632 ex
766 1574 841 1633 aede
863 1573 1047 1634 Minervam':

241 1669 376 1745 protinus
397 1670 435 1727 ad
456 1687 587 1741 censum,
609 1671 648 1729 de
670 1664 801 1729 moribus
822 1662 925 1728 ultima
945 1670 995 1729 fiet

242 1742 384 1839 quaiestio
429 1770 524 1843 “quot
546 1766 640 1843 pascit
662 1770 784 1827 servos?
811 1774 883 1843 quo't
903 1765 1037 1843 possidet
1056 1762 1118 1845 agri

240 1863 363 1939 iugera?
390 1884 478 1940 quarn
501 1867 594 1924 multa
615 1886 782 1942 magnaque
804 1864 961 1942 paropside
982 1862 1110 1932 cenat?-”

238 1973 384 2036 ¹quantum
405 1963 531 2039 quisque
552 1984 605 2022 sua
627 1983 816 2023 nummorum
839 1976 934 2022 servat
954 1962 985 2021 in
1005 1954 1082 2035 area,¹
1097 1932 1129 1999 N

243 2067 356 2116 tantum
377 2059 466 2145 habet
488 2073 517 2120 et
538 2061 616 2121 fidei.
659 2061 736 2121 iures
758 2061 826 2120 licet
848 2072 884 2122 et.
900 2061 1123 2139 Samothracum

241 2165 271 2214 et
292 2167 457 2216 nostrorum
479 2178 551 2229 aras,
575 2171 766 2219 contemnere
786 2158 909 2238 fulmina
930 2175 1045 2236 pauper.

241 2254 368 2313 creditur
389 2267 479 2331 atque
500 2243 585 2337 deos}
595 2258 640 2316 dis
661 2257 883 2333 ignoscentibus
904 2256 995 2333 ipsis„

241 2348 314 2424 quid
335 2353 417 2426 quod
433 2352 733 2431 'materiamppraebet
755 2338 1086 2431 causasqueiocorum'

239 2446 380 2533 omnibus
402 2448 560 2526 higidern,
583 2449 607 2509 si
629 2451 717 2509 foeda
737 2463 767 2510 et
788 2451 878 2510 scissa
898 2445 1023 2536 lacern‘a,

239 2541 267 2617 si
286 2553 356 2621 toga
376 2544 528 2604 sordidula
548 2536 642 2605 estet
663 2558 749 2623 rupta
769 2550 884 2607 calceus
906 2550 978 2607 alter
1153 2621 1160 2629 ,

238 2638 318 2715 pelle
339 2652 427 2715 patet,
451 2643 497 2700 vel
519 2641 543 2700 si
564 2653 691 2701 consuto
712 2636 986 2704 vnlnere'crassum
1040 2656 1063 2703 x
1177 2656 1238 2713 rso

194 2726 205 2735 '¹
239 2745 330 2812 atque
351 2758 453 2797 recens
474 2738 567 2798 linum
589 2738 719 2799 ostendit
740 2760 802 2800 non
824 2761 886 2799 una
904 2738 1045 2823 cicatrix?
1067 2730 1072 2767 ²

194 2858 200 2867 ·
237 2831 282 2892 nil
302 2834 394 2894 habet
414 2835 515 2895 infelix
535 2850 694 2913 paupertas
715 2837 816 2897 durius
837 2837 866 2895 in
889 2858 929 2911 se,

239 2949 330 3004 quam
351 2933 433 3008 quod
453 2932 594 2992 ridiculos
615 2933 751 2994 homines
771 2934 848 2994 facit.
892 2941 1004 2995 “exeat
1013 2936 1028 2962 ''
1048 2933 1145 3010 inquit

240 3026 294 3084 “si
314 3030 412 3103 pudor
433 3040 485 3101 est,
509 3041 538 3089 et
559 3032 597 3090 de
618 3030 741 3106 pulvino
763 3044 861 3109 surgat
882 3022 1011 3107 equestri
1235 3022 1239 3027 ⁵

241 3121 326 3180 cuius
345 3143 390 3183 res
411 3126 469 3202 legi
491 3133 551 3185 non
573 3127 687 3202 sufficit,
710 3141 740 3188 et
761 3131 884 3207 sedeant
905 3129 954 3189 hic
1008 3148 1011 3153 ·

242 3219 386 3279 lenonum
405 3223 488 3298 pueri
509 3243 698 3301 quocumque
719 3245 755 3295 ex
776 3208 886 3299 fornice
907 3223 975 3298 nati,

240 3311 291 3371 hic
312 3315 433 3389 plaudat
445 3304 539 3379 'nitidi
561 3323 716 3407 praeconis
737 3322 813 3380 filius
835 3322 910 3382 inter

238 3409 389 3510 pinnirapi
407 3414 505 3476 ‘cultos
525 3416 646 3477 iuvenes
666 3418 846 3505 iuvenesque
867 3419 989 3482 lanistae
998 3419 1027 3480 ’':

351 3635 394 3682 131
429 3637 502 3673 servo
516 3624 555 3672 P:
578 3624 643 3672 servi
656 3632 694 3688 pu
793 3640 849 3691 ¹4¹·
