2992 4134
549 340 660 389 LIBER
683 341 704 389 l.
728 341 873 390 SATVRA
898 341 943 391 lV.
1204 343 1240 388 21

244 497 275 545 et
297 484 443 544 matutino
464 486 575 545 sudans
596 485 750 562 Crispinus
772 505 892 547 amomo

244 595 389 658 quantum
412 583 461 642 vix
480 586 615 644 redolent
636 586 697 644 duo
717 587 828 657 funera,
852 583 965 644 saevior
986 585 1036 644 illo

246 680 408 756 Pompeius
429 682 510 741 tenui
531 683 645 759 iugulos
666 682 779 758 aperire
800 701 927 754 susurro,

246 787 276 838 et
298 779 349 853 qui
370 779 533 838 vulturibus
555 783 689 839 servabat
711 779 824 838 viscera
846 780 937 838 Dacis

246 877 361 934 Fuscus
382 895 546 936 marmorea
566 877 726 937 meditatus
747 876 859 952 proelia
881 875 958 947 villa,

245 985 276 1033 et
298 992 366 1032 cum
389 973 538 1034 mortifero
558 976 688 1050 prudens
709 973 837 1033 Veiento
859 974 986 1046 Catullo,

246 1072 298 1148 qui
319 1091 481 1148 numquam
503 1071 583 1130 visae
604 1073 743 1147 flagrabat
765 1091 865 1131 amore
886 1073 1010 1148 puellae,

247 1171 359 1245 grande
370 1182 398 1229 et
410 1170 601 1247 conspicuum
618 1181 718 1229 nostro
729 1189 850 1246 quoque
861 1182 995 1247 tempore
1008 1180 1180 1240 monstrum,
1199 1187 1242 1242 ¹15

246 1286 353 1326 caecus
374 1267 510 1326 adulator
530 1269 670 1343 dirusque
691 1286 708 1324 a
729 1276 823 1343 ponte
844 1267 969 1336 satelles,

247 1363 354 1439 dignus
374 1364 511 1424 Aricinos
532 1363 582 1440 qui
604 1363 788 1424 mendicaret
808 1365 848 1423 ad
869 1383 938 1423 axes

248 1460 417 1536 blandaque
439 1461 569 1520 devexae
591 1459 711 1519 iactaret
733 1459 815 1519 basia
837 1460 951 1519 raedae.

248 1575 338 1615 nemo
358 1557 452 1632 magis
472 1557 630 1616 rhombum
652 1557 763 1633 stupuit
774 1577 782 1628 ;
810 1576 878 1615 nam
900 1556 1026 1632 plurima
1047 1553 1128 1626 dixit,

248 1656 278 1713 in
300 1657 415 1715 laevum
437 1674 604 1726 conversus,
626 1666 656 1713 at
677 1655 719 1713 illi
739 1655 843 1714 dextra
864 1655 980 1714 iacebat
1200 1676 1246 1713 120

249 1755 343 1813 belua
387 1752 429 1812 sic
450 1772 565 1830 pugnas
587 1752 687 1813 Cilicis
707 1752 848 1812 laudabat
870 1763 900 1810 et
922 1751 997 1810 ictus
1138 1735 1142 1742 ⁵

248 1864 278 1912 et
300 1870 406 1928 pegma
426 1862 455 1911 et
476 1870 583 1928 pueros
604 1851 674 1910 inde
695 1852 733 1910 ad
755 1848 863 1910 velaria
883 1860 993 1926 raptos.

248 1968 310 2008 non
332 1949 411 2009 cedit
431 1950 568 2023 Veiento,
591 1949 643 2009 sed
665 1961 697 2007 ut
718 1948 862 2008 fanaticus
883 1957 983 2007 oestro

249 2065 410 2124 percussus,
434 2036 567 2119 Bellona,
590 2058 642 2105 tuo
663 2046 776 2105 divinat
797 2056 826 2105 et
850 2046 969 2122 ‘ingens

248 2165 339 2205 omen
359 2144 466 2203 habes*
488 2143 585 2220 inquit
607 2143 723 2219 ‘magni
743 2143 872 2219 clarique
892 2141 1041 2218 triumphi.
1201 2160 1245 2213 125

248 2260 347 2317 regem
368 2240 497 2317 aliquem
518 2240 626 2318 capies,
648 2252 699 2299 aut
720 2242 759 2300 de
780 2251 900 2299 temone
923 2238 1064 2298 Britanno

249 2339 366 2399 excidet
387 2338 551 2415 Aruiragus.
594 2337 748 2415 peregrina
769 2349 814 2397 est
834 2338 932 2410 belua,
958 2335 1052 2395 cernis

249 2448 360 2495 erectas
381 2434 411 2493 in
433 2447 514 2512 terga
534 2436 655 2495 sudes?’
697 2437 756 2494 hoc
778 2434 870 2494 defuit
891 2453 984 2493 unum

250 2533 393 2604 Fabricio,
415 2533 538 2609 patriam
560 2544 592 2592 nt
612 2532 728 2592 rhombi
750 2542 924 2592 memoraret
947 2542 977 2591 et
997 2550 1100 2590 annos.

250 2631 410 2707 ‘quidnam
432 2631 517 2708 igitur
538 2634 663 2690 censes?
691 2628 889 2689 conciditur?'
919 2629 1012 2688 ‘absit
1033 2629 1071 2688 ab
1093 2627 1143 2688 illo
1201 2650 1245 2700 130
1273 2701 1277 2708 r

248 2729 379 2789 dedecus
400 2730 473 2788 hoc’
496 2730 658 2787 Montanus
679 2727 738 2800 ait;
765 2731 858 2786 ‘testa
879 2729 938 2786 alta
958 2737 1083 2803 paretur,

248 2846 324 2903 quae
345 2826 426 2886 tenui
449 2845 532 2885 muro
553 2825 714 2902 spatiosum
735 2825 853 2902 colligat
874 2827 985 2885 orbem.

248 2924 374 2981 debetur
394 2941 517 2998 magnus
539 2921 658 2996 patinae
679 2923 853 2997 subitusque
876 2921 1077 2981 Prometheus.

247 3020 377 3096 argillam
399 3031 488 3095 atque
509 3031 602 3079 rotam
623 3018 707 3077 citius
729 3030 892 3094 properate,
916 3020 969 3078 sed
991 3038 1026 3076 ex
1047 3019 1106 3077 hoc

247 3131 381 3193 tempore
401 3116 468 3186 iam,
491 3117 609 3187 Caesar,
632 3117 710 3191 figuli
733 3126 783 3174 tua
803 3126 899 3174 castra
919 3113 1098 3192 sequantur!
1194 3132 1238 3185 135

247 3213 317 3275 vicit
336 3215 425 3290 digna
445 3213 507 3272 viro
529 3210 680 3272 sententia
725 3223 847 3270 noverat
867 3212 916 3272 ille

246 3311 391 3370 luxuriam
413 3309 518 3385 inperii
538 3319 667 3368 veterem
688 3320 851 3384 noctesque
873 3307 999 3368 Neronis

247 3410 306 3469 iam
329 3409 441 3468 medias
461 3408 609 3484 aliamque
630 3408 748 3479 famem,
771 3425 838 3464 cum
860 3406 963 3482 pulmo
986 3408 1110 3465 Falerno

568 3601 612 3650 135
647 3587 715 3650 figuli
727 3588 767 3636 P:
785 3586 882 3650 tegulae
888 3594 929 3650 po
