2992 4134
520 357 631 406 LIBER
654 358 706 408 111.
728 357 870 408 SATVRA
892 357 970 407 v111.
1204 354 1243 420 57

248 512 390 559 rectorem
412 499 548 577 accipiet,
570 521 650 578 pone
670 500 730 563 irae
750 503 832 562 frena
853 502 1044 577 modumque,

247 617 326 674 pone
347 610 377 659 et
396 598 545 667 avaritiae,
565 600 704 659 miserere
723 597 848 677 inopum
870 597 1059 658 sociorum-

247 715 316 756 ossa
335 697 419 757 vides
439 717 535 756 rerum
556 696 656 757 vacuis
676 708 783 757 exucta
804 695 981 756 medullis—
1212 716 1245 766 90

247 794 360 870 respice
380 793 454 870 quid
475 804 618 854 moneant
639 795 728 872 leges,
750 793 823 870 quid
844 791 926 853 curia
947 793 1076 862 mandet,

247 889 378 968 praemia
398 902 511 966 quanta
530 893 627 951 bonos
647 902 799 961 maneant,
821 908 911 967 quam
933 888 1057 949 fulmine
1077 888 1155 949 iusto

247 998 277 1048 et
296 987 407 1063 Capito
427 996 458 1047 et
479 987 618 1048 Numitor
639 989 750 1047 ruerint
771 987 934 1046 damnante
954 995 1068 1055 senatu,

246 1080 357 1158 piratae
378 1082 514 1145 Cilicum.
557 1085 611 1144 sed
631 1084 705 1160 quid
725 1083 878 1144 damnatio
899 1083 1036 1144 confert?

247 1198 434 1257 praeconem,
457 1180 635 1258 Chaerippe,
658 1181 717 1241 tuis
737 1180 933 1259 circumspice
954 1180 1069 1258 pannis,
1212 1202 1243 1254 95

248 1295 315 1336 curn
337 1281 435 1338 Pansa
455 1279 560 1356 eripiat
580 1279 725 1355 quidquid
746 1278 801 1339 tibi
823 1281 915 1339 Natta
935 1277 1062 1354 reliquit,
1164 1343 1170 1357 ‚

247 1375 366 1451 iamque
388 1388 453 1437 tace
464 1398 473 1450 3
501 1379 582 1437 furor
601 1388 646 1437 est
666 1387 738 1453 post
759 1377 862 1436 omnia
881 1377 1007 1455 perdere
1028 1378 1157 1436 naulum.

248 1492 309 1531 non
330 1473 410 1534 idem
431 1475 558 1551 gemitus
579 1473 652 1534 olim
672 1494 771 1551 neque
792 1477 899 1534 vulnus
920 1484 982 1534 erat
1003 1493 1056 1552 par

247 1573 426 1632 damnorum
447 1573 536 1633 sociis
556 1571 729 1633 florentibus
752 1583 781 1632 et
803 1572 894 1631 modo
915 1569 1007 1630 victis.

248 1671 337 1746 plena
356 1670 463 1729 domus
484 1681 556 1730 tunc
576 1669 683 1745 omnis,
706 1680 737 1730 et
758 1669 862 1746 ingens
883 1668 980 1728 stabat
1001 1686 1122 1728 acervus
1201 1691 1245 1727 100

247 1786 445 1838 nummomm,
468 1769 613 1845 Spartana
633 1766 775 1844 chlamys,
798 1764 955 1842 conchylia
975 1766 1049 1838 Coa,

248 1874 277 1924 et
297 1883 366 1922 cnm
388 1863 534 1924 Parrhasii
554 1863 663 1925 tabulis
683 1863 834 1942 signisque
856 1863 990 1941 Myronis

248 1959 423 2019 Phidiacum
444 1957 562 2020 vivebat
583 1961 665 2031 ebur,
687 1979 743 2020 nec
765 1979 826 2021 non
848 1959 985 2037 Polycliti

247 2058 357 2117 multus
378 2057 490 2134 ubique
510 2058 604 2131 labor,
625 2078 707 2119 rarae
729 2060 793 2118 sine
816 2060 954 2118 Mentore
976 2078 1105 2120 mensae.

247 2153 318 2212 inde
340 2154 498 2214 Dolabella
520 2154 628 2232 ’ratque
648 2154 736 2224 hinc†
759 2154 918 2229 Antonius,
941 2154 1011 2218 inde
1199 2179 1243 2231 105

248 2251 405 2328 sacrilegus
426 2255 532 2313 Verres
553 2254 717 2315 referebant
739 2252 863 2313 navibus
884 2253 951 2315 altis

248 2349 364 2408 occulta
385 2349 480 2427 spolia
501 2361 530 2410 et
551 2351 650 2428 plures
670 2352 710 2411 de
730 2370 805 2429 pace
825 2351 997 2428 triumphos.

248 2462 328 2502 nunc
349 2443 437 2503 sociis
456 2443 525 2522 iuga
545 2465 643 2522 pauca
662 2447 764 2517 boum,
785 2466 856 2523 grex
876 2465 983 2523 parvus
1004 2466 1154 2523 equarum,

248 2549 278 2598 et
300 2551 381 2614 pater
401 2540 526 2600 armenti
547 2553 637 2619 capto
657 2541 797 2619 eripietur
817 2543 923 2619 agenn,

248 2636 305 2712 ipsi
326 2637 436 2697 deinde
458 2640 556 2711 Lares,
579 2639 604 2700 si
625 2642 707 2717 quod
728 2641 890 2718 spectabile
912 2639 1038 2716 signum,
1199 2664 1245 2701 rrc

249 2730 273 2790 si
293 2733 358 2808 quis
379 2732 410 2791 in
431 2734 567 2795 aedicula
587 2739 662 2797 deus
683 2735 789 2796 unicus
798 2759 808 2812 3
835 2739 910 2796 haec
930 2735 1040 2797 etenim
1063 2747 1130 2796 sunt

248 2849 303 2906 pro
324 2830 455 2903 summis,
477 2850 547 2891 nam
568 2844 637 2893 sunt
657 2835 732 2894 haec
754 2833 887 2893 maxima
931 2833 1077 2910 despicias
1098 2846 1130 2893 tu

247 2927 368 2987 forsitan
388 2927 504 2988 inbellis
527 2929 663 2990 Rhodios
684 2944 866 3009 unctamque
888 2931 1063 3005 Corinthon,

248 3025 395 3103 despicias
417 3026 522 3087 merito
532 3049 541 3101 ;
567 3028 640 3105 quid
660 3029 789 3090 resinata
809 3030 944 3090 iuventus

247 3142 391 3199 cruraque
411 3123 502 3184 totius
523 3125 632 3185 facient
653 3125 707 3185 tibi
728 3125 805 3186 levia
824 3125 943 3203 gentis?

247 3220 366 3282 horrida
386 3223 508 3282 vitanda
528 3235 573 3283 est
594 3223 752 3301 Hispania,
775 3223 907 3283 Gallicus
928 3223 990 3283 axis

295 3460 327 3509 88
359 3457 511 3522 accipietur:
529 3459 673 3524 accipiatP
734 3475 767 3528 90
799 3475 879 3509 rerum
892 3460 927 3509 P:
945 3469 1062 3526 regump
1126 3478 1157 3528 93
1192 3462 1242 3510 Nu·

247 3540 322 3590 mitor
337 3540 376 3590 P:
393 3540 474 3589 Tutor
491 3557 510 3587 ω
621 3556 665 3604 105
699 3541 834 3591 Dolabella
849 3550 924 3607 atque
939 3541 998 3591 hinc
1014 3543 1072 3592 Pro:
1097 3543 1244 3592 Dolabellae

247 3622 353 3688 Ruperti
451 3637 496 3671 rra
530 3637 589 3669 nam
600 3622 667 3683 sunt]
684 3623 734 3670 iam
745 3631 803 3674 sunt
814 3625 876 3691 conj.
891 3624 973 3675 atich.
