2992 4134
250 374 287 433 14
490 404 494 412 .
644 367 845 417 1vvuunu1s

244 516 292 574 hic
313 514 446 575 modium
468 515 589 589 argenti.
631 514 755 574 meliora
775 535 810 574 ac
831 516 915 592 plura
936 498 1053 590 reponit

245 613 379 673 Persicus
400 614 539 671 orborum
561 611 792 671 lautissimuset
812 613 917 671 merito
938 612 996 670 iam

246 720 408 787 suspectus,
430 721 582 784 tamquam
603 707 666 782 ipse
687 727 755 768 suas
776 709 941 769 incenderit
961 711 1058 769 aedes.

246 806 270 867 si
291 818 377 884 potes
397 805 484 865 avelli
504 804 692 878 circensibus,
715 806 830 881 optima
851 809 940 868 Sorae
1000 870 1001 873 Ἴ

246 888 297 962 aut
318 899 502 962 Fabrateriae
523 888 631 985 domus
652 912 703 960 aut
724 902 890 963 Frusinone
911 912 1038 985 paratur,

199 1081 201 1086 ¹
247 1001 348 1077 quanti
369 1019 448 1058 nunc
469 972 606 1059 tenebras
627 1018 719 1072 unum
741 999 915 1059 conducis
907 1019 938 1089 ιιι
959 1019 1078 1058 annum.
1059 1042 1112 1097 g

247 1099 379 1158 hortulus
400 1097 456 1171 bic,
477 1107 644 1174 puteusque
666 1097 762 1155 brevis
783 1116 839 1156 nec
859 1109 935 1167 reste
906 1077 1123 1157 removendus

247 1195 278 1254 in
300 1194 396 1255 tenuis
417 1195 534 1270 plantas
557 1192 634 1252 facili
656 1193 829 1252 diffunditur
851 1194 965 1258 haustu.

246 1291 311 1351 vive
333 1283 461 1350 bidentis
482 1308 586 1348 amans
607 1300 636 1348 et
658 1288 728 1372 culti
749 1289 852 1348 vilicus
873 1289 960 1361 horti,

248 1372 328 1447 unde
349 1387 469 1463 epulum
491 1383 585 1461 possis
608 1369 727 1444 centum
750 1363 820 1444 dare
842 1385 1039 1462 Pythagoreis.

249 1495 292 1544 est
312 1483 432 1559 aliquid,
455 1501 645 1558 quocumque
667 1484 744 1556 loco,
766 1503 955 1560 quocumque
976 1502 1093 1543 recessu

248 1568 335 1641 unius
356 1574 421 1641 se'se
442 1579 598 1640 dominum
621 1552 725 1652 fec'isse
745 1582 880 1689 lapertae.

288 1678 431 1757 plurimus
451 1677 501 1738 hic
521 1698 608 1754 aeger
628 1678 752 1739 moritur
772 1678 933 1755 vigilando,
956 1679 1037 1738 sed
1029 1699 1125 1756 ipsum

249 1780 420 1854 languorem
440 1775 555 1852 peperit
575 1776 660 1869 cibus
680 1776 860 1864 inperfectus
881 1788 911 1837 et
931 1777 1057 1836 haerens

249 1873 363 1934 ardenti
383 1874 555 1948 stomacho;
584 1858 651 1932 nam
673 1893 751 1949 quae
772 1873 920 1934 meritoria
939 1893 1078 1933 somnum

249 1971 431 2032 admittunt?
459 1971 572 2047 magnis
594 1967 699 2048 opibus
720 1972 892 2032 dormitur'
885 1992 916 2030 ιιι
937 1972 1016 2058 urbe.

250 2069 321 2129 inde
342 2082 431 2144 caput
452 2069 555 2150 morbi.
598 2071 755 2165 raedarum
774 2067 912 2131 transitus
933 2066 1053 2128 artum*

249 2167 381 2228 vicorum
402 2147 518 2251 inflexu
532 2178 561 2226 et
582 2167 686 2226 stantis
707 2148 843 2227 convicia
863 2169 1004 2227 mandrae
1022 2161 1114 2232 lut

251 2265 374 2342 eripient
394 2284 532 2324 somnum
555 2266 654 2325 Druso
674 2264 832 2338 vitulisque
854 2265 981 2324 marinis

251 2363 287 2478 ιι,
295 2373 382 2422 vocat
402 2362 540 2433 officium,
563 2363 648 2420 turba
668 2362 794 2421 cedente
815 2333 938 2421 vehetur

252 2431 334 2520 dives
354 2470 385 2519 et
405 2450 516 2535 ingenti
537 2469 633 2518 curret
654 2477 741 2535 super
762 2478 814 2519 ora
835 2459 985 2518 Liburna

252 2570 341 2633 atque
362 2556 457 2616 obiter
477 2539 560 2632 leget
574 2568 625 2615 aut
646 2550 754 2616 scribet
775 2558 821 2616 vel
844 2557 969 2616 dormiet
990 2556 1089 2632 intus;

253 2673 381 2729 namque
402 2653 470 2713 facit
491 2673 630 2714 somnum
651 2656 752 2713 clausa
773 2654 878 2714 lectica
895 2656 1033 2715 fenestra

252 2763 321 2812 ante
342 2762 441 2811 tamen
462 2752 578 2842 veniet:
606 2751 693 2856 uoltis
714 2751 939 2828 properantibus
961 2763 1059 2829 opstat

253 2850 334 2908 unda
355 2849 441 2925 prior,
455 2867 573 2925 magno
594 2868 668 2959 ρορ,
708 2849 849 2941 premit
871 2848 988 2927 agmine
1009 2850 1125 2911 lumbos

254 2946 314 3023 qui
316 2947 473 3023 sequitur;
489 2946 568 3006 ferit
589 2936 668 3005 hic
658 2957 695 3005 c'u
706 2940 768 3018 ito,
791 2948 855 3008 ferit
876 2967 974 3015 assere
994 2948 1068 3006 duro

254 3046 335 3115 alter,
356 3056 387 3103 at
408 3045 456 3103 hic
477 3025 591 3121 tignum
612 3044 702 3121 capiti
722 3044 836 3118 incutit,
858 3045 907 3104 ille
929 3056 1090 3105 metretam.

255 3140 374 3217 pinguia
395 3162 480 3201 crura
499 3144 572 3214 luto,
594 3144 696 3219 planta
716 3162 786 3202 mox
807 3143 939 3218 undique
961 3162 1069 3218 magna

255 3241 360 3310 calcor,
382 3251 412 3300 et
432 3240 464 3298 in
484 3240 587 3316 digito¹
599 3231 698 3299 clavus
719 3239 792 3298 mihi
812 3239 914 3299 militis
936 3241 1045 3299 haeret.

256 3355 357 3395 nonne
377 3336 460 3397 vides
481 3348 593 3414 quanto
614 3337 776 3397 celebretur
797 3339 930 3414 sportula
951 3338 1055 3396 fumo?

306 3574 351 3619 aar
385 3559 530 3609 diffunditur
540 3567 575 3624 p:
597 3559 738 3608 defunditur
755 3559 782 3606 P
888 3552 892 3558 ’
919 3558 965 3619 238
1000 3557 1083 3605 Druso
1100 3557 1155 3605 Pu:
1179 3557 1254 3605 surdo

258 3640 345 3702 Speyer
401 3654 449 3700 ²40
481 3641 591 3688 Liburna
603 3641 661 3687 PT:
679 3640 791 3687 Liburno
798 3646 818 3700 p
871 3637 918 3698 246
951 3638 1046 3700 tignum
1058 3637 1094 3686 P:
1112 3637 1255 3701 lignumpo
