2992 4134
253 369 294 432 92
652 361 853 411 rvvsuuurs

254 512 328 570 haec
348 506 390 568 ibi
412 507 436 567 si
457 528 519 569 non
540 519 618 582 sunt,
641 507 738 567 minor
760 520 856 569 exstat
877 508 1035 587 sacrilegus
1055 506 1108 585 qui
1212 526 1259 582 ¹5⁰

253 607 337 667 radat
357 605 482 667 inaurati
503 609 599 667 femur
619 607 760 668 Herculis
781 618 811 666 et
830 609 936 669 faciem
958 609 1053 685 ipsam

255 705 400 783 Neptuni,
422 706 474 783 qui
495 707 671 767 bratteolam
693 707 732 765 de
754 707 879 766 Castore
899 706 1029 766 ducat—

253 824 292 864 an
313 803 429 866 dubitet
451 804 555 865 solitus
576 815 670 864 totum
692 805 822 864 conflare
843 806 1013 864 Tonantem
1021 805 1076 864 Ρ-

253 905 356 964 conler
375 913 405 964 et
427 903 553 963 artifices
574 912 829 979 mercatoremque
849 903 957 962 veneni

254 1013 284 1062 et
304 1001 516 1062 deducendum
537 1002 619 1059 corio
640 1000 725 1059 bovis
746 999 778 1058 in
799 1020 888 1075 mare,
911 1020 980 1060 cum
1002 1019 1063 1078 quo
1213 1021 1256 1076 155

253 1100 401 1160 clauditur
421 1097 551 1159 adversis
572 1099 694 1158 innoxia
713 1096 800 1158 simia
820 1098 894 1158 satis.

253 1198 327 1257 haec
347 1207 441 1273 quota
462 1215 530 1273 pars
552 1197 705 1267 scelerum,
727 1213 806 1272 quae
827 1204 929 1254 custos
951 1195 1084 1256 Gallicus
1106 1195 1186 1256 urbis
1254 1271 1257 1277 Ι

253 1297 349 1371 usque
369 1314 386 1353 a
407 1292 529 1353 lucifero
550 1293 649 1352 donec
669 1293 719 1352 lux
740 1291 857 1351 occidat
878 1291 982 1352 audit?

254 1392 377 1453 humani
397 1390 513 1469 generis
534 1409 632 1451 mores
653 1389 707 1450 tibi
728 1409 817 1449 nosse
839 1390 951 1450 volenti

254 1490 361 1551 sufficit
382 1510 441 1550 una
462 1491 588 1563 domus3
617 1507 730 1567 paucos
752 1507 896 1549 consume
918 1488 982 1548 dies
1003 1498 1034 1548 et
1211 1501 1259 1550 160

254 1588 352 1648 dicere
374 1599 404 1647 te
425 1585 573 1659 miserum,
596 1596 756 1662 postquam
777 1585 859 1646 illinc
878 1585 1002 1657 veneris,
1024 1587 1109 1646 aude.

254 1686 320 1763 quis
340 1684 489 1745 tumidum
509 1695 610 1761 guttur
630 1685 752 1745 miratur
771 1684 803 1742 in
825 1684 951 1761 Alpibus
972 1697 1024 1744 aut
1045 1685 1112 1761 quis

254 1783 284 1841 in
308 1787 412 1842 Meroe
433 1801 533 1841 crasso
555 1779 697 1840 maiorem
718 1783 831 1841 infante
852 1781 1038 1840 mamillam?

254 1883 372 1941 caerula
393 1879 458 1956 quis
480 1878 595 1955 stupuit
616 1877 758 1939 Germani
779 1878 899 1951 lumina,
921 1881 1027 1939 flavam

254 1978 413 2037 caesariem
435 1987 465 2037 et
486 1976 608 2036 madido
629 1986 818 2052 torquentem
840 1997 951 2037 cornua
972 1977 1069 2039 cirro?
1211 1991 1256 2056 1⁶5

254 2093 363 2151 nempe
383 2075 466 2149 quod
486 2074 561 2132 haec
583 2071 639 2130 illis
661 2082 765 2131 natura
787 2083 831 2133 est
852 2075 990 2134 omnibus
1012 2094 1079 2133 una.

254 2173 293 2231 ad
314 2172 426 2231 subitas
447 2172 598 2229 Thracum
620 2169 756 2229 volucres
778 2172 947 2248 nubemque
969 2191 1108 2232 sonoram

255 2272 419 2346 Pygmaeus
439 2270 536 2344 parvis
557 2265 646 2327 currit
668 2270 793 2328 bellator
814 2272 845 2328 in
866 2270 962 2341 armis,

254 2386 324 2426 mox
346 2366 429 2443 inpar
450 2365 529 2424 hosti
549 2374 711 2442 raptusque
732 2385 786 2442 per
806 2386 874 2426 aera
895 2367 990 2428 curvis

252 2464 401 2541 unguibus
422 2483 440 2523 a
461 2483 549 2523 saeva
569 2466 658 2524 fertur
679 2484 758 2542 grue.
802 2465 826 2524 si
846 2464 947 2526 videas
968 2465 1027 2525 hoc

253 2560 391 2638 gentibus
412 2561 442 2620 in
464 2562 580 2634 nostris,
602 2563 663 2623 risu
684 2563 836 2640 quatiare3
864 2564 916 2623 sed
939 2563 1006 2635 illic,

254 2677 436 2734 quamquam
458 2658 563 2718 eadem
584 2660 709 2719 adsidue
731 2671 903 2736 spectentur
922 2661 1043 2736 proelia,
1065 2661 1141 2722 ridet

253 2775 351 2828 nemo,
375 2755 426 2816 ubi
448 2766 511 2815 tota
531 2757 638 2816 cohors
660 2757 737 2833 pede
759 2776 821 2815 non
842 2769 887 2816 est
908 2756 993 2817 altior
1014 2778 1083 2818 uno.

294 2855 433 2912 ‘nullane
453 2851 548 2929 peiuri
569 2853 673 2929 capitis
695 2853 865 2930 fraudisque
887 2857 1035 2916 nefandae

254 2971 352 3031 poena
372 2951 460 3013 erit?'
500 2953 656 3028 abreptum
677 2953 767 3013 crede
788 2954 868 3014 hunc
888 2954 1020 3030 graviore
1042 2969 1147 3017 catena

253 3048 389 3127 protinus
410 3058 440 3108 et
462 3047 679 3124 nostro-quid
699 3050 765 3125 plus
787 3048 858 3109 velit
879 3049 921 3109 ira
929 3053 1082 3112 P-necari

254 3147 390 3208 arbitrio:
419 3156 520 3206 manet
541 3145 591 3205 illa
612 3157 714 3206 tamen
733 3145 845 3206 iactura
866 3168 921 3209 nec
942 3170 1084 3228 umquam

254 3243 423 3321 depositum
444 3243 498 3305 tibi
518 3263 622 3321 sospes
644 3242 706 3316 erit,
728 3245 782 3303 sed
803 3263 927 3322 corpore
949 3259 1054 3309 trunco

254 3341 398 3402 invidiosa
419 3339 503 3400 dabit
523 3338 663 3398 minimus
684 3337 794 3399 solacia
815 3341 941 3417 sanguis.

255 3445 301 3499 ‘at
321 3437 453 3499 vindicta
473 3439 588 3501 bonum
608 3435 670 3496 vita
689 3435 849 3498 iucundius
870 3438 953 3515 ipsa’

595 3645 642 3710 178
673 3645 729 3707 sed]
745 3645 767 3695 si
784 3645 899 3695 Wa'dner
