2992 4134
250 361 293 423 90
650 360 851 411 rvvuunms

291 513 358 561 sunt
379 502 410 562 in
431 505 567 564 fortunae
587 503 638 580 qui
660 506 779 566 casibus
799 507 901 567 omnia
922 520 1038 585 ponant

252 612 282 661 et
303 603 385 664 nullo
407 604 529 664 credant
550 604 694 664 mundum
716 614 832 665 rectore
854 606 967 667 moveri

252 710 356 758 natura
374 700 512 760 volvente
533 699 613 760 vices
635 711 665 760 et
685 701 760 761 lucis
780 713 810 762 et
831 702 911 774 anni,

251 809 340 875 atque
361 797 431 858 ideo
452 797 592 875 intrepidi
614 818 821 876 quaecumque
842 800 945 859 altaria
966 811 1100 878 tangunt

251 907 296 955 est
317 895 390 954 alius
411 907 547 956 metuens
567 915 606 955 ne
627 895 737 955 crimen
760 915 860 974 poena
880 909 1027 973 sequatur,
1221 920 1255 971 90

251 993 300 1053 hic
320 1005 405 1071 putat
426 1012 490 1052 esse
512 994 584 1053 deos
605 1004 634 1053 et
655 993 776 1070 peierat,
798 1005 888 1069 atque
909 993 950 1053 ita
970 1013 1093 1055 secum:

253 1094 409 1153 ‘decernat
430 1094 641 1169 quodcumque
661 1094 742 1152 volet
764 1092 802 1151 de
823 1112 949 1170 corpore
969 1104 1072 1153 nostro

253 1193 309 1250 Isis
330 1202 360 1250 et
380 1190 456 1250 irato
476 1189 560 1250 feriat
581 1210 648 1250 mea
668 1191 781 1251 lumina
802 1191 896 1262 sistro,

252 1290 419 1349 dummodo
439 1290 486 1348 vel
507 1308 614 1348 caecus
635 1301 754 1348 teneam
775 1308 850 1365 quos
872 1289 989 1366 abnego
1010 1308 1157 1349 nummos.

252 1398 282 1447 et
302 1385 427 1464 phthisis
448 1398 478 1447 et
499 1386 633 1447 vomicae
654 1398 753 1463 putres
775 1397 805 1446 et
826 1385 983 1447 dimidium
1004 1407 1071 1446 crus
1220 1406 1253 1461 95

253 1497 321 1546 sunt
342 1486 425 1546 tanti.
468 1505 580 1563 pauper
601 1487 783 1562 locupletem
805 1496 908 1562 optare
929 1487 1092 1562 podagram

253 1603 309 1644 nec
329 1583 446 1643 dubitet
467 1585 575 1654 Ladas,
597 1582 704 1642 sinon
725 1593 793 1659 eget
813 1581 955 1659 Anticyra
976 1600 1032 1642 nec

253 1681 437 1760 Archigene3
466 1681 538 1758 quid
559 1680 640 1740 enim
660 1679 771 1742 velocis
792 1678 885 1757 gloria
906 1682 1026 1755 plantae

253 1790 383 1857 praestat
404 1790 433 1839 et
455 1778 586 1838 esuriens
608 1777 729 1838 Pisaeae
751 1797 850 1836 ramus
871 1777 988 1838 olivae?

254 1890 287 1937 ut
307 1877 345 1937 sit
366 1895 473 1953 magna
493 1887 602 1951 tamen,
626 1887 704 1936 certe
725 1877 806 1936 lenta
826 1875 868 1935 ira
888 1877 1011 1935 deorum
1033 1885 1078 1935 est
1088 1895 1098 1948 ;
1209 1897 1257 1935 roo

254 1976 278 2035 si
299 1984 403 2035 curant
424 1973 511 2050 igitur
531 1984 657 2033 cunctos
678 1974 783 2050 punire
803 1985 955 2046 nocentes,
1043 2003 1045 2008 ·

255 2074 375 2151 quando
397 2073 505 2132 adme
527 2072 669 2132 venient?
695 2073 750 2133 sed
771 2083 799 2131 et
822 2071 971 2131 exorabile
992 2091 1104 2132 numen

254 2173 377 2231 fortasse
399 2169 540 2247 experiar,
563 2172 638 2230 solet
660 2170 705 2229 his
726 2169 885 2247 ignoscere.
929 2170 1015 2229 multi

255 2269 447 2330 committunt
467 2272 572 2330 eadem
594 2270 711 2329 diverso
732 2269 855 2329 crimina
876 2271 954 2330 sato:

255 2369 304 2428 ille
325 2388 443 2430 crucem
465 2366 582 2428 sceleris
603 2366 729 2444 pretium
751 2367 825 2439 tulit,
847 2367 896 2426 hic
917 2366 1075 2426 diadema!
1210 2385 1255 2438 ¹05

256 2465 298 2525 sic
319 2468 450 2524 animum
472 2466 552 2526 dirae
575 2465 722 2543 trepidum
744 2465 902 2527 formidine
923 2468 1028 2541 culpae

255 2565 419 2635 confirmat,
442 2574 514 2622 tunc
534 2575 563 2624 te
584 2584 667 2624 sacra
686 2566 725 2624 ad
747 2565 870 2625 delubra
892 2576 1047 2623 vocantem

256 2659 416 2736 praecedit,
439 2661 553 2719 trahere
575 2660 667 2720 immo
688 2662 765 2721 ultro
787 2683 822 2722 ac
843 2681 948 2721 vexare
968 2673 1092 2738 paratus.

257 2776 326 2816 nam
348 2777 415 2816 cum
437 2776 544 2833 magna
566 2760 660 2817 malae
682 2769 816 2835 superest
836 2757 961 2817 audacia
981 2778 1096 2831 causae,

257 2853 423 2915 creditura
444 2853 543 2912 multis
564 2854 680 2913 fiducia.
724 2854 849 2914 mimum
872 2855 931 2931 agit
953 2855 1009 2926 ille,
1210 2877 1257 2914 110

258 2951 362 3012 urbani
383 2953 501 3028 qualem
522 2950 659 3027 fugitivus
681 2970 781 3010 scurra
802 2949 928 3012 Catulli:

258 3063 290 3111 tu
311 3051 397 3110 miser
418 3051 573 3122 exclamas
595 3059 628 3108 ut
649 3051 787 3109 Stentora
807 3049 925 3109 vincere
946 3050 1049 3125 possis,

257 3150 305 3209 vel
324 3147 423 3225 potius
444 3158 588 3225 quantum
610 3145 758 3206 Gradivus
781 3147 976 3206 Homericus:
1008 3145 1117 3217 ‘audis,

260 3245 402 3320 Iuppiter,
424 3243 506 3313 haec,
530 3261 586 3301 nec
606 3243 689 3301 labra
710 3259 821 3313 moves,
844 3260 911 3299 cum
935 3241 1049 3301 mittere
1070 3261 1175 3300 vocem

258 3341 394 3402 debueris
415 3342 461 3400 vel
483 3359 665 3400 marmoreus
685 3340 732 3399 vel
753 3341 885 3398 aeneus?
913 3349 964 3399 aut
985 3358 1036 3398 cur
1212 3362 1256 3414 ¹15

259 3441 289 3500 in
310 3440 438 3501 carbone
460 3449 511 3498 tuo
533 3440 634 3497 charta
654 3436 705 3513 pia
725 3446 790 3496 tura
811 3436 908 3494 soluta

259 3535 399 3613 ponimus
420 3544 450 3594 et
471 3546 586 3595 sectum
606 3531 690 3593 vituli
710 3531 792 3591 iecur
811 3531 937 3608 albaque
958 3530 1041 3608 porci

261 3634 402 3693 omenta?
429 3644 462 3692 ut
483 3631 580 3705 vide0‚
602 3631 716 3689 nullum
736 3627 896 3690 discrimen
916 3628 1089 3687 habendum
1111 3632 1155 3680 est
