2992 4134
580 372 690 421 LIBER
714 373 735 420 1.
759 371 904 421 SATVRA
928 370 978 418 111.
1228 369 1262 432 15

241 507 244 511 ’
265 536 387 585 centum
409 522 560 595 convivae,
583 522 715 598 sequitur
736 540 789 580 sua
810 539 960 597 quemque
980 517 1085 578 culina
1219 538 1267 590 250

266 623 399 684 Corbulo
420 620 468 702 yix
489 622 574 680 ferret
596 630 640 679 tot
661 639 731 678 vasa
752 618 892 694 ingentia,
915 627 959 677 tot
979 636 1025 677 res

265 719 411 796 inpositas
431 717 528 795 capiti,
551 737 625 793 quas
647 730 728 776 recto
749 716 858 776 vertice
879 725 979 791 portat
1037 715 1041 724 ’

266 818 398 890 servulus
419 815 520 876 infelix
541 826 570 873 et
591 833 679 873 cursu
700 813 823 874 ventilat
845 813 952 890 ignem.

266 915 441 974 scinduntur
462 913 581 973 tunicae
602 923 696 971 sartae
718 913 820 984 mod0,
843 912 932 988 longa
953 920 1089 970 coruscat

268 1031 382 1072 serraco
403 1011 541 1070 veniente
562 1010 653 1082 abies,
675 1019 766 1085 atque
787 993 1002 1083 altera'pinum
1218 1024 1266 1079 255

267 1110 396 1212 plaustra
416 1109 537 1178 vehunt,
559 1118 664 1166 nutant
686 1107 941 1185 altelpopuloque
961 1104 1119 1164 minantur.

268 1225 336 1265 nam
358 1205 384 1264 si
404 1203 560 1282 procubuit
581 1204 632 1279 qui
653 1223 724 1262 saxa
745 1202 895 1279 Ligustica
916 1211 1013 1278 portat

268 1290 330 1363 ariis
351 1314 381 1362 et
401 1321 535 1362 eversum
557 1301 632 1361 fudit
652 1320 741 1376 super
760 1299 879 1376 agmina
900 1310 1044 1372 montem,
1064 1364 1076 1382 d
1112 1338 1115 1344 ·

268 1389 341 1477 quid
361 1411 495 1476 superest
516 1400 553 1459 de
575 1397 771 1473 corporibus?
799 1396 864 1474 quis
886 1397 1028 1466 membra,
1052 1395 1117 1472 quis
1139 1413 1206 1456 ossa
1282 1467 1285 1471 .

267 1497 401 1558 invenit?
429 1495 568 1557 obtritum
589 1497 668 1574 vulgi
691 1495 766 1571 perit
788 1514 878 1555 omne
898 1495 1025 1554 cadaver
1219 1503 1267 1551 260

268 1615 350 1656 more
370 1594 494 1653 animae.
539 1593 646 1652 domus
668 1578 780 1652 interea
801 1610 903 1650 secura
923 1592 1047 1666 patellas

268 1692 327 1751 iarn
348 1693 426 1750 lavat
447 1701 477 1750 et
497 1691 593 1750 bucca
613 1691 743 1750 foculum
767 1687 874 1747 excitat
894 1698 924 1746 et
946 1700 1031 1746 sonat
1053 1685 1148 1760 unctis

268 1784 415 1864 striglibus
436 1798 465 1845 et
486 1787 577 1863 pleno
598 1785 752 1869 componit
773 1786 864 1845 lintea
884 1797 963 1861 gut0.

267 1884 343 1942 haec
363 1883 439 1940 inter
459 1900 567 1957 pueros
588 1881 666 1941 varie
688 1892 890 1958 properantur,
913 1893 943 1941 at
965 1881 1014 1940 ille

268 1979 327 2037 iam
348 1979 433 2037 sedet
452 1976 484 2035 in
505 1977 568 2054 ripa
588 1988 777 2054 taetrumque
798 1978 933 2037 novicius
954 1979 1053 2038 horret

268 2075 425 2151 porthmea
445 2092 502 2132 nec
523 2085 620 2149 sperat
641 2075 762 2134 caenosi
783 2074 904 2152 gurgitis
925 2077 1026 2134 alnum

236 2227 242 2257 ,Ι
268 2171 372 2231 infelix
392 2189 448 2230 nec
469 2171 560 2230 habet
581 2190 670 2246 quem
691 2171 820 2248 porrigat
842 2191 892 2231 ore
913 2172 1062 2231 trientem.

233 2281 243 2382 1
266 2253 270 2261 ¹
309 2266 422 2344 respice
442 2279 523 2340 nunc
543 2266 601 2325 alia
622 2287 658 2327 ac
678 2267 794 2328 diversa
813 2269 943 2344 pericula
964 2269 1077 2328 noetis:

269 2367 351 2444 quod
372 2365 500 2441 spatium
522 2364 606 2424 tectis
629 2364 805 2425 sublimibus
826 2368 906 2425 unde
927 2367 1079 2426 cerebrum

270 2475 345 2524 testa
365 2463 440 2535 ferit,
461 2462 600 2539 quotiens
620 2463 730 2522 rimosa
751 2475 780 2522 et
802 2475 885 2522 curta
905 2463 1038 2523 fenestris

270 2582 339 2622 vasa
359 2562 476 2630 cadant,
498 2570 610 2650 quanto
632 2555 805 2636 percussum
826 2560 959 2649 po‘pdere
981 2542 1097 2638 signent

269 2650 301 2720 etv
320 2661 440 2719 laedant
460 2657 581 2716 silicem.
623 2658 720 2734 possis
741 2659 864 2738 ignavus
886 2658 987 2719 haberi
1022 2670 1193 2750 impu

268 2771 298 2818 et
319 2757 410 2816 subiti
431 2775 517 2815 casus
538 2753 718 2830 inprovidus,
742 2757 781 2815 ad
802 2775 907 2816 cenam
929 2756 954 2815 si

268 2836 515 2929 intestatus-eas:
544 2851 621 2909 adeo
642 2861 687 2911 tot
707 2853 776 2925 fata,
799 2865 873 2929 quot
894 2853 943 2912 illa

269 2963 358 3010 nocte
379 2960 482 3027 patent
503 2945 605 3035 vigiles
626 2958 655 3006 te
677 2960 882 3022 praetereunte
903 2951 1055 3009 fenestrae.

269 3065 338 3123 ergo
359 3056 449 3122 optes·
466 3056 627 3118 votumque
649 3045 722 3102 feras
744 3045 910 3106 miserabile
931 3041 1064 3116 tecum,‘
1199 3114 1201 3121 y
1323 3110 1329 3118 ‚

268 3153 301 3201 ut
321 3141 381 3201 sint
401 3151 559 3200 contentae
580 3141 697 3222 patulas
718 3141 880 3215 defundere
902 3144 1010 3219 pelves.
1037 3158 1103 3196 ur«
1124 3185 1128 3191 .
1197 3129 1242 3185 {r-
1297 3165 1302 3185 ·

269 3237 366 3296 ebrius
387 3256 423 3294 ac
444 3237 581 3313 petulans
624 3235 654 3294 ui
676 3239 790 3295 nullum
813 3241 887 3299 forte
908 3238 1024 3310 cecidit,

269 3326 320 3396 da't
340 3355 464 3412 poenas,
486 3255 745 3411 noctemlpatituri
757 3337 883 3413 lugentis
904 3336 1043 3414 amicum·

269 3411 399 3508 Pelidaii,
421 3435 510 3494 cubat
531 3433 698 3508 infaciem,
721 3454 792 3494 mox
813 3435 922 3494 deinde
944 3435 1073 3511 supinus.

268 3552 338 3617 ergo
357 3535 421 3593 'uon
443 3532 526 3591 aliter
546 3531 655 3608 poterit
675 3532 825 3592 dormire?
852 3532 1029 3608 quibusdam

269 3651 408 3694 somnum
429 3631 492 3722 rixa
510 3632 589 3692 facit.
611 3610 622 3685 l
635 3623 696 3693 sed¹
709 3631 844 3708 quamvis
865 3631 1021 3708 improbus
1041 3629 1133 3688 annis
