2992 4134
536 459 646 507 arnan
670 458 691 508 1.
715 458 859 508 snrvnn
882 459 915 508 v.
1184 463 1224 528 ²3

225 619 285 667 tam
304 604 403 666 ieiuna
422 607 521 678 fames,
544 626 612 666 curn
634 605 726 683 possit
747 606 900 666 honestius
921 607 981 667 illic
1169 678 1175 690 ὓ
1192 633 1223 672 10

225 713 254 763 et
273 713 398 762 tremere
420 714 449 762 et
469 705 573 762 sordes
593 702 675 762 farris
696 703 832 762 mordere
854 701 975 763 canini?

262 800 359 876 primo
380 802 436 877 fige
457 802 534 874 loco,
556 803 638 878 quod
660 813 692 861 tu
713 800 900 862 discumbere
922 802 1018 862 iussus

224 901 392 960 me'rcedem
414 899 539 959 solidam
560 913 693 974 veterum
715 899 796 976 capis
817 898 988 960 officiorum.

223 999 333 1056 fructus
354 995 501 1056 amicitiae
522 987 657 1072 magnad'
669 996 760 1067 cibus,
784 995 901 1072 inputat
922 997 1002 1055 hunc
1022 1016 1081 1068 rex,

223 1105 251 1153 et
274 1095 407 1168 quamvis
429 1112 524 1151 rarum
547 1103 646 1152 tamen
667 1092 792 1169 inputat.
836 1110 904 1170 ergo
926 1094 1002 1153 duos
1023 1104 1091 1170 post
1147 1119 1155 1141 κ
1195 1116 1223 1169 15

222 1192 246 1251 si
268 1191 353 1250 libuit
375 1210 491 1250 menses
512 1193 680 1266 neglectum
702 1189 844 1249 adhibere
865 1188 1012 1262 clientem,

222 1290 309 1350 tertia
330 1310 368 1350 ne
389 1309 484 1349 vacuo
505 1300 633 1349 cessaret
654 1288 761 1348 culcita
783 1289 869 1360 lecto,

224 1392 301 1445 ‘una
322 1387 429 1445 simus'
449 1386 499 1445 ait.
542 1397 679 1445 votorum
701 1404 824 1444 summa
868 1384 940 1460 quid
962 1387 1036 1444 ultra

223 1485 362 1562 quaeris?
389 1486 479 1544 habet
500 1482 625 1544 Trebius
646 1494 767 1560 propter
788 1484 869 1558 quod
890 1502 1027 1560 rumpere
1048 1503 1184 1542 somnum

222 1583 331 1642 debeat
353 1594 383 1642 et
403 1582 507 1659 ligulas
529 1581 685 1652 dimittere,
707 1580 850 1641 sollicitus
872 1601 910 1640 ne
1192 1606 1224 1642 20

222 1690 286 1740 tota
307 1680 457 1739 salutatrix
479 1679 538 1738 iarn
560 1681 646 1739 turba
666 1677 811 1755 peregerit
832 1678 942 1751 orbem,

222 1777 368 1837 sideribus
388 1776 492 1867 dubiis
509 1788 559 1836 aut
581 1777 634 1861 illo
653 1788 787 1852 tempore
809 1794 869 1851 quo
890 1794 929 1865 ⁵9.

222 1848 327 1953 frigida
348 1857 549 1952 circumagunt
570 1868 644 1953 pigri
666 1858 781 1935 serrac‘fi
803 1867 923 1934 Bootae.
946 1828 1053 1930 inat.
1070 1900 1109 1929 e.
1155 1896 1159 1907 ‹

263 1973 357 2050 qualis
379 1993 452 2032 cena
474 1984 582 2035 tamen.
627 1973 726 2032 vinum
750 1973 833 2049 quod
854 1969 957 2030 sucida
977 1970 1052 2033 nolit

221 2075 289 2132 lana
312 2071 391 2147 pati:
420 2072 459 2130 de
479 2072 605 2131 conviva
626 2073 797 2148 Corybanta
817 2069 938 2130 videbis.
1028 2088 1030 2094 ’

221 2167 313 2246 iurgia
334 2170 504 2246 proludunt,
528 2170 579 2229 sed
602 2189 672 2227 mox
694 2180 723 2228 et
744 2170 853 2245 pocula
874 2179 994 2244 torques

222 2268 348 2340 saucius,
371 2278 400 2326 et
420 2248 508 2326 rubia
529 2269 662 2344 deterges
684 2267 805 2326 vulnera
826 2250 944 2342 mabpa

222 2366 298 2426 inter
319 2385 372 2425 vos
393 2365 531 2441 quotiens
551 2365 782 2441 libertorumque
803 2364 956 2425 cohortem

222 2486 324 2542 pugna
345 2456 506 2542 Saguntina
527 2467 618 2524 servet
638 2463 798 2524 commissa
818 2450 933 2540 lagona.

222 2564 286 2640 ipse
308 2565 446 2639 capillato
467 2563 606 2622 diffusum
629 2563 751 2622 consule
772 2571 855 2637 potat

222 2663 425 2735 calcatamque
447 2672 527 2721 tenet
548 2659 634 2720 bellis
656 2658 814 2718 socialibus
835 2677 923 2716 uvam

223 2758 359 2818 cardiaco
381 2778 543 2834 numquam
565 2759 704 2834 cyathum
726 2755 867 2815 missurus
888 2754 985 2815 amico
996 2777 1005 2830 ;

222 2876 286 2914 cras
307 2855 390 2915 bibet
412 2856 534 2915 Albanis
555 2854 665 2931 aliquid
688 2856 727 2915 de
747 2854 898 2914 montibus
920 2866 972 2914 aut
992 2855 1031 2914 de

223 2955 340 3026 Setinis,
362 2954 444 3015 cuius
466 2954 589 3031 patriam
612 2954 790 3029 titulumque
811 2967 947 3013 senectus

222 3051 331 3112 delevit
352 3053 443 3111 multa
464 3051 569 3112 veteris
588 3050 711 3127 fuligine
731 3061 833 3121 testae,

221 3152 310 3227 quale
331 3150 465 3209 coronati
485 3151 616 3209 Thrasea
639 3147 858 3223 Helvidiusque
879 3147 1023 3208 bibebant

222 3253 376 3308 Brutorum
399 3260 429 3308 et
450 3246 536 3310 Cassi
556 3247 712 3307 natalibus.
755 3246 819 3322 ipse
839 3265 965 3321 capaces

222 3315 387 3502 qupdum
407 3357 519 3406 crustas
540 3357 568 3405 et
590 3346 760 3421 inaequales
781 3344 895 3403 berullo

221 3427 261 3503 Vi
289 3464 307 3504 o
329 3455 410 3505 tenet
431 3445 563 3522 phialas:
592 3443 646 3513 tibi
667 3462 729 3501 non
750 3442 944 3502 committitur
965 3465 1076 3516 aurum,

220 3544 267 3601 vel
290 3543 313 3602 si
334 3544 455 3617 quando
476 3544 569 3612 datur,
593 3552 693 3600 custos
714 3540 829 3599 adfixus
850 3540 971 3614 ibidem,

322 3739 351 3773 10
384 3723 511 3786 possitP:
528 3724 607 3787 possis
612 3731 653 3788 po
752 3725 782 3789 38
814 3724 914 3775 berullo
928 3723 1133 3789 Paber'rhuspu
