2992 4134
272 353 315 413 80
672 358 870 407 rvvaunms

272 513 324 572 sed
346 531 401 570 nec
422 522 547 570 structor
567 508 622 569 erit
642 509 691 568 cui
711 511 818 570 cedere
840 510 948 569 debeat
969 507 1067 566 omnis

273 610 403 686 pergula,
424 609 587 686 discipulus
608 608 756 685 Trypheri
775 608 914 680 doctoris,
937 619 1009 684 aput
1029 626 1119 684 quern

273 706 388 766 sumine
408 727 477 767 curn
498 726 607 783 magno
628 707 713 782 lepus
734 717 825 782 atque
845 726 916 784 aper
937 717 966 766 et
987 724 1132 783 pygargus

272 817 303 864 et
323 805 478 884 Scythicae
498 807 632 865 volucres
652 817 682 864 et
703 804 954 881 phoenicopterus
976 803 1079 880 ingens

273 914 303 962 et
324 904 468 963 Gaetulus
488 923 559 980 oryx
580 901 681 963 hebeti
702 902 864 963 lautissima
884 906 960 963 ferro

273 1001 406 1062 caeditur
426 1013 456 1061 et
478 1013 541 1061 tota
561 1013 647 1060 sonat
668 1001 768 1060 ulmea
789 1021 864 1061 cena
884 1002 1006 1061 Subura.

273 1119 329 1160 nec
349 1102 474 1159 frustum
495 1119 619 1178 capreae
639 1100 805 1159 subducere
827 1118 883 1159 nec
903 1100 979 1158 latus
1000 1099 1090 1157 Afrae

273 1197 356 1257 novit
377 1195 439 1256 avis
460 1207 568 1269 noster,
592 1196 754 1257 tirunculus
776 1217 812 1255 ac
832 1196 912 1256 rudis
933 1195 1016 1256 omni

274 1307 408 1372 tempore
428 1305 459 1354 et
480 1293 603 1371 exiguae
623 1294 706 1354 furtis
727 1294 848 1360 inbutus
870 1295 983 1354 ofellae.

274 1392 405 1470 plebeios
426 1391 533 1453 calices
555 1404 584 1452 et
606 1393 708 1469 paucis
729 1393 845 1453 assibus
866 1406 983 1468 emptos

272 1491 401 1569 porriget
421 1488 549 1548 incultus
570 1507 644 1565 puer
664 1500 754 1565 atque
776 1508 793 1546 a
814 1488 919 1563 frigore
940 1498 1029 1546 tutus.

273 1608 334 1648 non
356 1588 453 1663 Phryx
474 1598 523 1645 aut
546 1585 663 1663 Lycius,
684 1604 746 1645 non
768 1605 786 1644 a
806 1602 955 1660 mangone
975 1581 1084 1660 petitus

273 1685 429 1767 quisquam
451 1683 505 1743 erit
526 1692 557 1742 et
577 1702 705 1760 magno:
733 1702 802 1741 curn
824 1699 939 1757 posces,
961 1698 1052 1756 posce
1072 1678 1170 1738 latine.

273 1785 352 1844 idern
373 1781 493 1841 habitus
514 1781 638 1853 cunctis
661 1779 739 1840 tonsi
761 1779 892 1854 rectique
913 1777 1012 1853 capilli

272 1891 363 1956 atque
384 1878 474 1936 hodie
497 1889 611 1943 tanturn
633 1889 754 1953 propter
774 1873 910 1935 convivia
931 1874 1007 1950 pexi.

272 1976 398 2054 pastoris
420 1975 486 2034 duri
506 1975 555 2035 hic
577 1986 622 2034 est
645 1974 730 2046 filius,
754 1975 802 2033 ille
823 1971 955 2033 bubulci

273 2074 399 2151 suspirat
419 2075 511 2149 longo
532 2092 593 2132 non
614 2072 706 2131 visam
729 2084 863 2148 tempore
885 2082 1019 2142 matrem,

272 2184 302 2233 et
323 2172 453 2231 casulam
474 2180 505 2231 et
525 2181 615 2230 notos
636 2168 724 2229 tristis
746 2168 894 2228 desiderat
914 2168 1037 2239 haedos,

272 2270 392 2348 ingenui
413 2271 510 2330 vultus
530 2288 603 2347 puer
623 2267 803 2345 ingenuique
824 2265 955 2344 pudoris,

272 2370 374 2445 quales
396 2387 461 2428 esse
481 2369 568 2428 decet
589 2386 663 2443 quos
685 2368 793 2426 ardens
814 2385 942 2442 purpura
961 2363 1056 2423 vestit.
1229 2387 1274 2440 ¹55

272 2467 321 2526 hic
341 2467 394 2527 tibi
415 2466 483 2527 vina
504 2465 587 2526 dabit
608 2466 715 2526 diflusa
736 2462 767 2524 in
788 2463 939 2524 montibus
960 2462 1016 2522 illis

272 2566 418 2641 aquibus
439 2563 502 2641 ipse
523 2563 612 2636 venit,
634 2582 762 2640 quorum
783 2563 838 2621 sub
859 2560 967 2621 vertice
988 2561 1057 2620 lusit
1067 2583 1075 2635 3
1228 2572 1275 2621 160

272 2681 400 2738 namque
422 2681 482 2721 una
501 2673 591 2738 atque
612 2662 717 2721 eadem
740 2672 784 2720 est
805 2661 866 2721 vini
887 2659 981 2736 patria
1001 2672 1091 2736 atque
1113 2659 1246 2721 ministri.

272 2760 392 2818 forsitan
414 2768 552 2835 expectes
573 2769 605 2816 ut
626 2757 778 2817 Gaditana
798 2775 909 2816 canoro

272 2855 415 2932 incipiant
435 2853 546 2930 prurire
567 2854 667 2926 chom,
690 2856 857 2931 plausuque
879 2855 1021 2928 probatae

271 2954 311 3012 ad
332 2962 439 3011 terram
461 2951 587 3011 tremulo
608 2950 794 3010 descendant
813 2969 897 3010 crure
918 2949 1072 3025 puellae-

272 3059 407 3125 spectant
427 3049 486 3106 hoc
507 3058 617 3122 nuptae
638 3045 720 3104 iuxta
740 3046 904 3104 recubante
925 3044 1039 3116 marito,
1227 3060 1271 3121 1⁶5

272 3146 355 3222 quod
375 3145 489 3222 pudeat
509 3163 626 3204 narrare
646 3143 778 3219 aliquem
799 3143 1004 3218 praesentibus
1026 3142 1137 3218 ipsis—

272 3262 333 3302 non
361 3240 449 3316 capit¹
464 3242 518 3300 has
539 3260 631 3318 nugas
651 3238 772 3299 humilis
793 3240 910 3300 domus.
953 3239 1001 3299 ille
1022 3242 1131 3300 fruatur

271 3441 322 3516 qui
343 3435 617 3497 Lacedaemonium
637 3434 796 3513 pytismate
817 3435 943 3494 lubricat
965 3436 1085 3512 orbem;
1227 3459 1271 3514 175

508 3645 556 3706 148
588 3650 614 3692 'et
625 3658 716 3706 magno
722 3650 759 3706 p:
776 3642 802 3692 in
814 3657 905 3706 magno
917 3643 943 3690 P
951 3643 1031 3692 Biiclr.
