2992 4134
654 336 852 388 lVVENALlS

553 759 697 822 ursan
727 757 964 840 QVARTVS.

640 982 805 1041 SATVRA
834 982 871 1038 X.
900 1036 902 1040 ,

237 1064 277 1114 l

260 1154 436 1215 Omnibus
427 1174 457 1213 1n
480 1153 570 1226 terris,
593 1174 684 1254 quae
690 1165 759 1214 sunt
780 1175 798 1214 a
819 1156 952 1215 Gadibus
973 1176 1068 1233 nsque

259 1256 402 1312 Auroram
425 1262 454 1310 et
475 1252 610 1328 Gangen,
632 1225 721 1327 pairci
742 1251 897 1336 dinoscere
919 1265 1044 1329 possunt

259 1367 328 1407 vera
349 1350 430 1407 bona
449 1359 559 1425 atque
559 1347 615 1407 illis
637 1350 763 1408 multum
786 1334 910 1421 diversa,
932 1354 1045 1409 remota

259 1444 361 1505 erroris
383 1446 498 1504 nebula
542 1443 613 1521 quid
635 1445 715 1505 enim
737 1445 851 1517 ratione
873 1445 1011 1506 timemus

259 1555 310 1602 aut
331 1543 487 1618 cupimus?
514 1541 586 1624 quid
607 1553 668 1600 tam
689 1543 794 1603 dextro
815 1544 894 1618 pede
915 1542 1056 1643 concipis,
1077 1553 1109 1622 ut
1129 1554 1159 1602 te
1241 1559 1254 1612 5
1310 1543 1318 1557 “

260 1651 384 1724 conatus
405 1657 466 1705 non
486 1637 637 1730 paeniteat
659 1638 779 1728 votique
799 1638 932 1715 peracti?

261 1719 389 1795 evertere
410 1737 518 1795 domos
539 1745 616 1794 totas
637 1734 841 1829 optantibus
833 1736 905 1811 ipsis

255 1833 289 1891 'di
311 1831 420 1891 faciles.
463 1831 597 1890 nocitura
618 1843 695 1907 toga,
718 1817 852 1891 nocitura
873 1844 1013 1914 petuntur

244 1927 380 2001 -militia;
409 1938 521 2002 torrens
544 1927 664 1988 dicendi
684 1919 772 2005 copia
793 1892 891 1986 miritis

261 2036 289 2085 et
310 2045 363 2085 sua
384 2024 532 2085 mortifera
552 2035 596 2084 est
617 2024 764 2095 facundia,
788 2023 896 2083 viribus
916 2023 965 2084 ille

260 2121 389 2178 confisus
410 2099 496 2196 periit
517 2119 757 2227 admirandisque
778 2120 900 2211 lacertis,
986 2134 989 2139 ·

260 2219 313 2277 sed
334 2219 432 2293 plpres
453 2216 544 2276 nimia
565 2228 707 2293 congesta
726 2206 854 2294 pecunia
875 2236 945 2276 cura

260 2316 421 2391 strangulat
442 2325 471 2375 et
492 2325 601 2373 cuncta
620 2333 803 2391 exsuperans
823 2313 1000 2391 patrimonia
1020 2334 1126 2375 census

260 2376 373 2487 quai'rito
393 2410 542 2487 delphinis
563 2410 898 2521 ballafflritannica
912 2411 1010 2470 maior.

260 2507 535 2602 temPOinS
556 2507 642 2585 igitur
663 2527 804 2586 russuque
825 2509 954 2570 Neronis
1044 2554 1050 2569 1

262 2603 430 2681 Longinum
452 2613 482 2663 et
502 2623 627 2681 magnos
649 2607 779 2665 Senecae
800 2605 969 2682 praedivitis
991 2607 1092 2668 hortos

260 2697 365 2756 clausit
386 2707 416 2756 et
437 2697 569 2774 egregias
591 2685 803 2766 Lateranorum
826 2699 943 2758 obsidet
964 2700 1053 2758 aedes

262 2806 325 2855 tota
344 2795 469 2854 cohors.
497 2813 577 2853 rarus
596 2793 679 2853 venit
699 2793 730 2853 in
751 2785 894 2854 cenacula
914 2795 1007 2855 miles

176 2917 178 2921 ·
261 2909 356 2984 pauca
377 2888 445 2949 licet
466 2899 565 2983 portes
587 2890 700 2965 argenti
720 2892 839 2950 vascula
858 2910 879 2969 p

262 2999 350 3049 nocte
370 2987 425 3047 iter
445 2987 603 3065 ingressus,
625 2972 759 3064 gladium
778 2998 870 3047 contu
902 3007 963 3064 que
984 2987 1101 3049 timebis

262 3097 292 3147 et
313 3096 413 3151 motae
433 3085 472 3143 ad
492 3086 593 3170 lunam
616 3084 776 3162 trepidabis
797 3085 970 3173 harundinis
993 3088 1145 3147 umbram.

262 3182 394 3262 cantabit
414 3203 523 3243 vacuus
544 3202 644 3243 coram
664 3178 779 3244 la'trone
799 3164 901 3244 viator

262 3280 357 3358 prima
377 3281 437 3340 sere
457 3292 528 3364 vota
548 3290 578 3341 et
598 3271 721 3340 cunctis
733 3278 889 3359 notissima
910 3281 1028 3358 templis

262 3377 391 3449 divitiae,
413 3389 547 3436 crescant
568 3388 600 3436 ut
620 3374 703 3455 opes,
725 3388 767 3436 ut
779 3375 909 3436 maxima
928 3388 993 3437 toto

263 3485 372 3535 nostra*
384 3473 424 3534 sit·
442 3468 510 3534 arca
530 3476 602 3535 soro.
645 3475 698 3535 sed
719 3475 800 3533 nulla
820 3475 940 3555 aconita
959 3476 1101 3535 bibuntur

264 3572 420 3632 fictilibus:
449 3563 520 3659 tunc
540 3573 590 3667 illa
610 3572 689 3645 time,
712 3591 781 3631 cum
802 3574 910 3653 poc'pla
931 3593 1030 3633 sumes
