2992 4134
510 340 619 389 LIBER
642 340 673 390 V.
698 339 842 390 SATVRA
867 338 939 388 XIV.
1166 339 1221 387 101

220 488 355 561 vernula,
376 498 435 547 tres
457 487 580 561 domini,
603 489 657 548 sed
679 485 793 565 magnis
814 485 951 546 fratribus
972 485 1079 546 horum

221 605 240 644 a
262 585 367 645 scrobe
388 588 435 645 vel
456 588 540 647 sulco
561 587 755 647 redeuntibus
777 588 869 646 altera
889 605 966 646 cena
1182 603 1228 655 170

221 684 350 759 amplior
370 695 401 743 et
421 685 548 761 grandes
568 685 723 745 fumabant
744 684 877 763 pultibus
898 686 995 745 ollae:

224 800 306 839 nunc
327 783 435 841 modus
457 781 506 841 hic
526 781 587 859 agri
608 794 710 842 nostro
731 801 794 842 non
817 780 922 842 sufficit
944 783 1038 841 hortm

222 877 294 938 inde
316 880 376 939 sere
397 881 541 939 scelerum
562 899 679 955 causae,
701 900 758 941 nec
779 883 864 957 plura
885 900 1001 941 venena

223 972 343 1032 miscuit
363 987 414 1035 aut
436 976 512 1034 ferro
533 986 680 1053 grassatur
700 975 818 1054 saepius
840 978 934 1035 ullum

223 1072 372 1132 humanae
394 1073 501 1132 mentis
522 1072 625 1133 vitium
647 1093 737 1150 quarn
759 1094 848 1135 saeva
869 1072 981 1151 cupido
1183 1093 1227 1146 175

224 1168 368 1230 inmodici
389 1189 505 1231 census.
548 1190 619 1230 nam
641 1171 724 1232 dives
745 1171 798 1248 qui
819 1170 881 1232 lieri
901 1172 974 1244 vult,

225 1278 256 1326 et
277 1266 338 1327 cito
359 1270 422 1328 vult
443 1267 522 1341 fieri;
550 1269 603 1329 sed
623 1286 700 1343 quae
720 1267 886 1329 reverentia
906 1270 1014 1346 legum,

225 1363 293 1440 quis
314 1376 410 1425 metus
431 1378 483 1426 aut
503 1367 600 1443 pudor
621 1378 666 1427 est
686 1386 830 1444 umquam
852 1366 1038 1444 properantis
1060 1365 1160 1426 avari?

228 1460 333 1521 ‘vivite
354 1462 489 1523 contenti
509 1463 617 1524 casulis
638 1474 669 1524 et
690 1465 816 1525 collibus
838 1464 909 1536 istis,

226 1579 246 1619 0
267 1559 366 1636 pueri’
389 1563 507 1621 Marsus
528 1561 646 1622 dicebat
668 1573 697 1622 et
719 1562 871 1622 Hernicus
894 1562 966 1623 olim
1185 1571 1229 1622 180

226 1657 429 1736 Vestinusque
450 1679 542 1720 senex
565 1666 689 1738 ‘panem
711 1682 888 1739 quaeramus
910 1673 1014 1734 aratro,

227 1757 279 1833 qui
300 1757 371 1817 satis
393 1769 438 1818 est
458 1758 588 1834 mensis;
616 1761 740 1821 laudant
761 1763 820 1823 hoc
841 1762 965 1823 numina
986 1760 1068 1834 ruris,

227 1875 355 1931 quorum
376 1876 435 1933 ope
456 1868 486 1917 et
505 1857 616 1918 auxilio
636 1869 736 1936 gratae
758 1872 826 1937 post
848 1880 956 1921 munus
976 1861 1082 1919 aristae

227 1953 405 2032 contingunt
426 1956 541 2017 homini
562 1957 668 2019 veteris
689 1956 807 2019 fastidia
828 1978 961 2035 quercus.

226 2052 270 2111 nil
292 2055 415 2113 vetitum
437 2053 542 2114 fecisse
563 2056 643 2115 volet
663 2075 753 2132 quem
776 2075 838 2116 non
859 2058 951 2134 pudet
973 2059 1033 2117 alto
1186 2064 1229 2128 185

227 2168 282 2226 per
302 2150 427 2227 glaciem
448 2171 560 2228 perone
582 2151 648 2228 tegi,
671 2153 722 2229 qui
743 2166 911 2214 summovet
932 2174 1018 2215 euros

228 2243 357 2321 pellibus
378 2245 520 2305 inversis:
549 2247 702 2325 peregrina
722 2248 882 2328 ignotaque
904 2250 990 2310 nobis

228 2345 268 2403 ad
289 2346 385 2405 scelus
407 2356 496 2422 atque
518 2347 609 2418 nefas,
632 2367 839 2424 quaecumque
861 2359 914 2422 est,
936 2369 1067 2426 purpura
1088 2348 1189 2408 ducit.'

228 2446 304 2504 haec
325 2443 366 2503 illi
386 2456 500 2505 veteres
521 2461 680 2523 praecepta
701 2446 874 2522 minoribus,
896 2459 926 2507 at
947 2467 1027 2506 nunc

228 2551 298 2619 post
318 2544 408 2602 finem
430 2543 565 2603 autumni
586 2543 685 2604 media
706 2545 744 2604 de
766 2556 853 2605 nocte
875 2544 1013 2621 supinum
1186 2566 1231 2615 19⁰

229 2640 379 2698 clamosus
401 2638 539 2699 iuvenem
561 2655 646 2715 pater
666 2639 794 2701 excitat:
824 2642 943 2719 ‘accipe
964 2661 1053 2714 ceras,

229 2736 334 2809 scribe,
357 2757 439 2813 puer,
462 2737 559 2816 vigila,
581 2758 686 2799 causas
707 2759 770 2816 age,
793 2742 910 2818 perlege
931 2743 1032 2801 rubras

230 2833 376 2894 maiorum
398 2836 486 2912 leges.
530 2847 581 2895 aut
602 2835 693 2896 vitem
715 2855 806 2913 posce
828 2836 936 2910 libello,

229 2935 284 2993 sed
305 2944 395 3009 caput
417 2933 562 2993 intactum
585 2936 666 2994 buxo
688 2955 834 3013 naresque
855 2935 966 3012 pilosas

230 3033 356 3091 adnotet
378 3041 408 3091 et
428 3032 556 3108 grandes
577 3030 700 3093 miretur
721 3032 840 3094 Laelius
860 3035 942 3106 alas3

230 3128 315 3189 dirue
337 3131 512 3188 Maurorum
533 3128 666 3205 attegias,
689 3131 810 3188 castella
832 3129 1012 3206 Brigantum,

231 3236 264 3285 ut
284 3227 465 3302 locupletem
486 3225 616 3303 aquilam
638 3225 693 3287 tibi
715 3226 913 3304 sexagesimus
935 3247 1029 3286 annus

231 3325 353 3384 adferat.
395 3334 446 3384 aut
467 3326 572 3400 longos
594 3336 758 3384 castrorum
779 3326 853 3383 serre
874 3326 990 3386 labores

231 3422 255 3479 si
277 3420 358 3497 piget
379 3431 409 3479 et
429 3420 580 3496 trepidum
603 3423 723 3481 solvunt
744 3419 798 3481 tibi
820 3441 931 3482 cornua
951 3435 1084 3483 ventrem

261 3621 312 3681 176
338 3621 509 3674 inmodiciP:
525 3624 647 3678 indomiti
653 3635 696 3696 pn
807 3647 856 3702 rqq
892 3634 1036 3702 trepinum
1049 3633 1091 3682 Pa
1105 3623 1221 3692 treq'xuu
1230 3628 1270 3684 pis
