2992 4134
272 347 312 410 72
672 343 871 391 rvvnunurs

273 492 384 570 quique
404 510 515 550 ιιονιιιιι
536 489 646 550 totiens
667 500 797 593 mustum
819 487 902 549 bibit.
946 506 1007 559 oro,
1029 506 1187 566 parumper
1223 507 1276 562 250

273 587 410 649 attendas
431 597 574 663 quantum
597 589 635 647 de
657 557 801 663 legibus
792 605 858 661 ipse
879 594 1018 661 queratur

273 687 400 745 fatorum
423 697 452 745 et
473 684 567 744 nimio
588 684 627 744 de
648 684 783 756 stamine,
806 701 875 741 cum
896 681 976 741 videt
997 680 1071 740 acris

273 781 425 843 Antilochi
447 784 570 844 barbam
591 782 845 858 ardentem‚‚cum
867 777 980 855 quaerit
1001 779 1039 837 ab
1061 777 1143 836 omni

274 875 407 955 quisquis
428 863 513 939 adest
533 877 640 949 socius,
663 897 714 937 cur
734 878 809 935 haec
830 875 860 934 in
881 885 1016 952 tempora
1036 876 1130 947 duret,

275 976 356 1052 quod
377 976 490 1034 lacinus
512 975 636 1052 dignum
657 985 718 1034 tam
732 960 831 1050 longo
852 971 1004 1033 admiserit
1024 991 1107 1032 aevo

274 1075 349 1133 haec
370 1072 475 1133 eadem
499 1073 605 1174 Peleus
625 1084 743 1149 raptum
764 1091 835 1131 cum
856 1070 935 1148 luget
957 1069 1103 1143 Achillen,

227 1188 231 1197 ⁷
275 1182 364 1247 atque
384 1170 458 1230 alius
479 1170 527 1229 cui
529 1154 592 1230 las
614 1160 752 1230 Ithacum
774 1170 874 1247 lugere
895 1179 1056 1232 natantem.

275 1266 416 1326 incolumi
437 1256 528 1325 Troia
549 1242 681 1326 Priamus
703 1265 831 1327 venisset
852 1267 891 1326 ad
913 1270 1032 1327 umbras

262 1362 412 1424 ·As'saraci
431 1362 545 1441 magnis
567 1364 770 1436 sollemnibus,
794 1365 926 1424 Hectore
947 1366 1035 1424 funus

275 1471 411 1541 portante
432 1478 467 1519 ac
488 1458 607 1536 reliquis
628 1460 750 1520 fratrum
771 1460 934 1522 cervicibus
954 1461 1031 1522 inter

277 1557 405 1618 Iliadum
426 1557 571 1650 lacrimas,
593 1570 626 1618 ut
646 1557 758 1635 primos
780 1560 868 1619 edere
889 1560 1025 1649 planctus

276 1657 444 1718 Cassandra
452 1656 608 1734 ‚rncrperet
629 1657 779 1734 scissaque
801 1658 952 1734 Polyxena
972 1658 1058 1734 palla,

261 1754 301 1829 ¹si
321 1756 396 1814 soret
417 1755 562 1815 extinctus
584 1742 700 1815 diverso
722 1766 864 1831 tempore,
887 1774 947 1862 quo
968 1773 1030 1813 non

255 1919 269 1939 s
275 1863 415 1935 coeperat
435 1853 563 1911 audaces
585 1850 667 1910 Paris
687 1850 845 1910 aedificare
865 1849 987 1911 carinas.

253 2023 258 2029 ι
276 1950 365 2026 longa
385 1950 449 2009 dies
470 1949 555 2027 igitur
576 1948 648 2026 quid
669 1949 824 2028 contulitll
844 1948 945 2007 omnia
965 1948 1039 2008 vidit

277 2065 378 2106 eversa
399 2056 428 2106 et
449 2047 575 2106 flammis
595 2044 698 2105 Asiam
718 2038 855 2122 ferroque
876 2046 1043 2105 cadentem.
1078 2062 1087 2081 ³
1131 2059 1135 2071 ’
1179 2047 1186 2065 ’

278 2156 350 2204 tunc
370 2141 454 2203 miles
475 2145 617 2204 tremulus
638 2143 737 2221 posita
757 2144 823 2204 tulit
844 2163 926 2205 arma
947 2143 1020 2206 tiara
1072 2157 1075 2161 ’

259 2230 308 2302 ¹e't
328 2241 385 2305 ruit
406 2252 475 2301 ante
495 2261 576 2300 aram
597 2241 706 2300 smnmi
728 2241 809 2301 Iovis
830 2252 864 2301 ut
884 2242 1001 2302 vetulus
1023 2244 1086 2318 bos,

270 2338 329 2425 ‚qui
349 2320 464 2399 domini
485 2337 584 2398 cultris
605 2348 695 2400 tenue
717 2350 746 2399 et
767 2338 932 2400 miserabile
953 2341 1063 2399 collum

278 2440 399 2514 praebet
420 2439 458 2497 ab
479 2437 595 2514 ingrato
615 2436 674 2496 iam
697 2435 845 2498 fastiditus
866 2450 969 2498 aratro,

280 2533 374 2621 eiritus
395 2533 444 2593 ille
465 2544 626 2610 utcumque
645 2520 786 2609 hominis,
807 2535 861 2631 sed
882 2544 965 2594 torva
986 2533 1095 2594 canino

275 2631 393 2709 latravit
413 2631 487 2692 rictu
508 2651 585 2708 quae
606 2643 674 2707 post
695 2633 776 2692 hunc
796 2631 907 2693 vixerat
927 2652 1007 2692 uxor.

253 2756 261 2771 ι
279 2712 387 2811 festino
408 2720 584 2788 adnostros
605 2738 636 2789 et
656 2747 755 2805 regem
777 2740 895 2790 transeo
917 2729 1005 2790 Ponti

280 2834 310 2884 et
331 2825 482 2898 Croesum,
506 2843 596 2901 quem
617 2843 676 2884 vox
696 2824 766 2884 iusti
786 2827 914 2886 facunda
936 2825 1052 2886 Solonis

243 2960 246 2965 -
279 2914 425 3003 respicere
446 2921 485 2981 ad
506 2915 612 2998 longae
633 2920 718 2981 iussit
738 2923 833 2998 spatia
854 2923 957 2983 ultima
978 2923 1064 2985 vitae.

195 3023 198 3029 '
281 3017 400 3079 exilium
422 3030 451 3079 et
472 3038 571 3078 carcer
592 3018 870 3096 Minturnarumque
892 3020 1017 3098 paludes
1126 3002 1137 3015 ⁶

281 3129 310 3179 et
331 3117 517 3193 mendicatus
537 3114 617 3177 victa
637 3118 818 3194 Carthagine
839 3110 924 3193 panis

281 3215 351 3276 hinc
371 3234 476 3275 causas
496 3213 644 3290 habuere;
672 3214 746 3299 quid
767 3213 818 3273 illo
839 3213 904 3274 cive
925 3213 1040 3298 tulisset

281 3323 386 3372 natura
408 3312 437 3371 in
460 3310 550 3383 terris,
573 3308 645 3387 quid
667 3312 766 3370 Roma
788 3308 904 3370 beatius
925 3329 1076 3387 umquam,

281 3409 306 3507 si
326 3408 529 3479 circumducto
549 3396 740 3486 captivomm'
756 3406 875 3486 agmine
896 3417 927 3468 et
947 3407 1030 3467 omni

420 3654 426 3667 .
482 3583 508 3728 'Y
522 3630 568 3680 253
586 3633 660 3687 'cum
670 3619 767 3684 quaerit
779 3620 842 3670 PT:
859 3635 916 3668 nam
928 3616 1023 3683 quaerit
1036 3634 1055 3665 ω
1071 3632 1074 3642 ’
1097 3633 1105 3641 ·
