2992 4134
531 359 641 407 LIBER
666 359 686 406 l.
709 358 853 406 SATVRA
876 357 921 406 IV.

225 503 364 581 pontifici
386 525 512 564 summo.
556 505 621 581 quis
642 504 722 564 enim
743 522 910 581 proponere
931 504 1020 562 talem

225 615 279 662 aut
301 623 399 663 emere
420 604 550 674 auderet,
573 622 642 661 cum
664 605 753 679 plena
775 614 804 662 et
826 602 911 662 litora
931 604 1026 661 multo

225 701 361 759 delatore
382 701 501 760 forent?
528 700 652 776 dispersi
674 700 810 777 protinus
832 702 915 777 algae

226 798 417 875 inquisitores
438 809 558 875 agerent
579 818 646 858 cum
668 797 778 875 remige
799 799 891 869 nudo,

226 917 291 956 non
313 894 473 956 dubitaturi
493 895 647 973 fugitivum
668 897 767 956 dicere
788 894 901 972 piscem

228 996 448 1071 depastumque
469 995 520 1053 diu
541 995 651 1054 vivaria
672 994 817 1066 Caesaris,
840 994 910 1052 inde

229 1093 363 1168 elapsum
386 1104 517 1152 veterem
539 1094 578 1152 ad
599 1091 755 1152 dominum
778 1093 887 1152 debere
907 1089 1020 1152 reverti.

229 1190 255 1250 si
276 1189 349 1267 quid
370 1190 506 1263 Palfurio,
529 1190 554 1249 si
575 1190 722 1250 credimus
743 1189 908 1261 Armillato,

229 1288 376 1365 quidquid
396 1287 590 1365 conspicuum
612 1289 828 1364 pulchmmque
851 1299 895 1347 est
915 1306 1045 1363 aequore
1066 1298 1139 1361 toto,

228 1406 276 1445 res
296 1386 358 1445 fisci
381 1397 433 1457 est,
456 1386 637 1461 ubicumque
658 1398 746 1446 natat.
792 1385 953 1446 donabitur
973 1405 1051 1463 ergo,

229 1504 268 1543 ne
290 1495 397 1560 pereat.
441 1483 499 1542 iam
521 1484 635 1545 letifero
656 1487 783 1545 cedente
804 1483 917 1560 pruinis

230 1594 382 1654 autumno,
406 1583 464 1641 iam
486 1595 660 1658 quartanam
682 1581 869 1660 sperantibus
890 1580 992 1658 aegris,

231 1678 374 1740 stridebat
395 1680 535 1739 deformis
556 1679 650 1740 hiems
673 1682 876 1757 praedamque
897 1690 1047 1739 recentem

231 1779 374 1837 servabat.
418 1789 518 1838 tamen
539 1778 588 1837 hic
610 1790 757 1855 properat,
779 1780 862 1838 velut
882 1789 1004 1855 urgueat
1024 1789 1131 1839 auster.

230 1888 323 1953 utque
344 1879 426 1937 lacus
447 1878 594 1949 suberant,
617 1877 668 1936 ubi
690 1896 871 1953 quamquam
894 1876 990 1937 diruta
1011 1888 1106 1937 servat

230 1974 331 2052 ignem
353 1974 516 2034 Troianum
538 1986 567 2034 et
590 1977 713 2035 Vestam
733 1974 805 2035 colit
827 1976 904 2035 Alba
926 1975 1081 2050 minorem,

231 2071 348 2132 obstitit
368 2072 488 2132 intranti
509 2072 641 2132 miratrix
662 2075 748 2133 turba
769 2093 935 2150 pammper.

231 2182 264 2229 ut
286 2168 381 2241 cessit,
404 2170 482 2230 facili
504 2182 661 2248 patuerunt
682 2171 803 2231 cardine
824 2175 926 2232 valvae
937 2193 946 2246 3

232 2268 343 2327 exclusi
364 2280 499 2345 spectant
520 2269 649 2329 admissa
670 2269 796 2329 obsonia
816 2281 921 2346 patres

231 2366 289 2427 itur
310 2368 349 2426 ad
371 2368 502 2427 Atriden.
545 2379 609 2427 tum
633 2368 740 2429 Picens
763 2366 898 2445 ‘accipe'
919 2367 993 2430 dixit

233 2463 372 2540 ‘privatis
394 2463 506 2524 maiora
526 2466 608 2525 focis.
651 2465 774 2543 genialis
795 2476 897 2541 agatur

232 2562 288 2621 iste
309 2562 381 2634 dies,
405 2582 529 2639 propera
551 2566 738 2623 stomachum
760 2563 857 2622 laxare
879 2563 980 2640 sagina

233 2672 262 2720 et
283 2671 334 2719 tua
355 2669 502 2719 servatum
524 2681 666 2722 consume
687 2660 718 2720 in
739 2663 859 2721 saecula
879 2662 1048 2722 rhombum.

233 2759 296 2836 ipse
317 2757 385 2834 capi
407 2758 518 2818 voluit!
559 2760 631 2836 quid
651 2757 803 2836 apertius?
831 2770 860 2819 et
881 2769 980 2820 tamen
1001 2759 1042 2820 illi

233 2858 392 2933 surgebant
413 2856 536 2930 cristae;
564 2857 638 2917 nihil
660 2869 703 2918 est
724 2858 807 2934 quod
828 2858 947 2917 credere
969 2859 1006 2917 de
1029 2877 1060 2917 se

232 2975 294 3014 non
316 2952 409 3030 possit
430 2973 498 3012 curn
520 2956 656 3014 laudatur
676 2955 721 3015 dis
743 2974 840 3032 aequa
859 2967 1000 3032 potestas.

232 3053 287 3112 sed
309 3053 392 3110 derat
412 3051 485 3128 pisci
506 3054 626 3128 patinae
647 3072 792 3113 mensura.
836 3062 980 3112 vocantur

233 3168 303 3227 ergo
325 3149 356 3207 in
378 3149 535 3208 consilium
557 3170 701 3226 proceres,
725 3170 801 3227 quos
823 3151 925 3210 oderat
947 3150 1003 3221 ille,

231 3246 262 3305 in
285 3266 411 3323 quorum
432 3248 508 3307 facie
530 3247 653 3308 miserae
674 3268 861 3325 magnaeque
882 3249 1005 3308 sedebat

232 3347 328 3420 pallor
349 3344 503 3406 amicitiae.
547 3346 667 3424 primus,
690 3347 838 3406 clamante
860 3347 991 3407 Liburno
1202 3360 1231 3414 7!

234 3444 364 3517 ‘currite,
387 3443 446 3501 iam
467 3443 562 3517 sedit,'
582 3454 667 3521 rapta
687 3447 863 3521 properabat
883 3447 983 3505 abolla

283 3640 314 3693 59
342 3626 453 3677 veluto:
469 3627 571 3677 velPT
633 3625 665 3689 67
693 3627 882 3691 saginaaaca:
900 3630 1013 3694 saginam
1026 3630 1063 3677 Pr
1077 3629 1178 3692 saginis
1190 3626 1267 3686 812¹*

1102 3752 1190 3790 2—‘2
