2992 4134
530 341 641 389 LIBER
664 341 701 389 11.
725 340 868 389 SATVRA
893 340 939 390 VI.

185 478 187 481 ¹
221 490 312 550 cuius
336 487 419 564 apud
440 490 546 548 molles
568 487 691 547 minima
712 498 758 548 est
778 486 890 547 iactura
910 485 1075 546 cathedras,

223 587 403 662 Tyrrhenos
424 584 510 663 igitur
531 585 637 645 fluctus
659 588 776 662 lateque
798 599 956 645 sonantem

224 683 353 760 pertulit
375 683 494 743 Ionium
515 683 665 744 constanti
685 695 816 761 pectore,
838 683 972 760 quamvis

226 781 411 841 mutandum
433 781 542 841 totiens
562 792 641 842 esset
661 801 751 842 mare.
795 781 872 841 iusta
892 781 992 859 pericli

228 879 253 938 si
274 878 354 939 ratio
374 888 420 938 est
441 890 470 939 et
491 879 626 950 honesta,
649 879 755 939 timent
776 878 947 957 pavidoque
967 881 1102 955 gelantur
1201 902 1232 954 95

226 987 354 1054 pectore
374 995 431 1036 nec
452 976 584 1036 tremulis
604 988 730 1054 possunt
751 976 885 1037 insistere
906 975 1032 1054 plantis:

227 1077 340 1134 sortem
361 1073 494 1134 animum
515 1085 667 1151 praestant
688 1077 776 1135 rebus
797 1095 871 1152 quas
891 1074 1014 1151 turpiter
1034 1075 1153 1134 audent.

227 1171 255 1232 si
277 1171 380 1230 iubeat
400 1172 540 1244 coniunx,
562 1173 669 1233 durum
691 1186 736 1234 est
757 1173 961 1234 conscendere
982 1191 1097 1244 navem,

228 1284 307 1330 tunc
327 1270 444 1329 sentina
463 1269 567 1346 gravis,
590 1282 663 1331 tunc
684 1291 818 1331 summus
839 1270 959 1331 vertitur
979 1291 1045 1331 aer:

229 1385 311 1444 quae
326 1367 485 1426 moechum
504 1366 643 1443 sequitur,
660 1369 814 1429 stomacho
828 1370 914 1428 valet.
957 1367 1007 1427 illa
1027 1368 1163 1429 maritum
1188 1390 1233 1428 100

195 1516 200 1526 .
230 1462 395 1536 convomit,
417 1465 492 1524 haec
513 1463 589 1524 inter
609 1476 714 1525 nautas
736 1477 766 1525 et
787 1467 912 1542 prandet
934 1477 962 1525 et
983 1477 1060 1526 errat

232 1581 287 1638 per
307 1579 439 1637 puppem
461 1571 490 1619 et
511 1561 600 1620 duros
621 1561 731 1637 gaudet
753 1573 876 1621 tractare
897 1561 1040 1621 rudentis.

234 1676 295 1733 qua
313 1667 413 1716 tamen
434 1656 539 1716 exarsit
561 1660 663 1729 forma,
686 1678 746 1735 qua
768 1671 856 1734 capta
876 1658 996 1718 iuventa

235 1753 355 1831 Eppia?
381 1754 453 1831 quid
474 1754 548 1815 vidit
569 1756 792 1834 propterquod
813 1754 895 1815 ludia
916 1757 974 1815 dici

235 1852 394 1912 sustinuit?
421 1873 489 1912 nam
511 1853 660 1930 Sergiolus
681 1853 739 1913 iam
761 1854 864 1913 radere
883 1864 985 1929 guttur
1188 1873 1232 1927 105

234 1961 374 2026 coeperat
395 1963 425 2011 et
447 1962 529 2012 secto
550 1952 683 2027 requiem
706 1971 823 2028 sperare
843 1954 971 2028 lacert0;

234 2059 387 2125 praeterea
406 2049 501 2108 multa
520 2049 552 2108 in
573 2049 648 2110 facie
670 2049 823 2122 deformia,
845 2049 921 2126 sicut

234 2144 349 2204 attritus
369 2147 455 2222 galea
476 2146 642 2223 mediisque
662 2147 693 2206 in
714 2148 833 2207 naribus
854 2147 958 2225 ingens

234 2244 341 2319 gibbus
362 2254 392 2302 et
412 2263 480 2303 acre
501 2245 612 2302 malum
634 2264 753 2321 semper
773 2245 910 2306 stillantis
931 2245 1025 2306 ocelli.

235 2343 288 2401 sed
309 2342 453 2418 gladiator
473 2352 542 2401 erat.
586 2343 656 2402 facit
677 2344 736 2402 hoc
757 2343 822 2402 illos
846 2342 1042 2420 Hyacinthos,
1187 2366 1233 2401 110

233 2439 292 2498 hoc
313 2440 411 2515 pueris
432 2440 613 2516 patriaeque,
635 2441 694 2500 hoc
714 2441 852 2517 praetulit
872 2440 922 2500 illa
942 2438 1034 2500 sorori

233 2547 323 2612 atque
343 2535 414 2596 viro
456 2540 564 2597 ferrum
585 2538 733 2615 estquod
754 2549 863 2597 amant.
905 2537 954 2598 hic
975 2537 1090 2615 Sergius
1110 2537 1190 2598 idem

233 2645 357 2709 accepta
377 2635 450 2693 mde
472 2635 619 2712 coepisset
639 2634 770 2694 Veiento
792 2633 891 2694 videri.

276 2731 405 2809 ‘optima
426 2734 479 2792 sed
500 2752 591 2808 quare
613 2734 784 2793 Censennia
804 2742 879 2792 teste
901 2731 1044 2792 maritoi’

233 2829 279 2890 bis
301 2828 451 2907 quingena
472 2829 573 2904 dedit;
602 2831 676 2891 tanti
697 2841 785 2890 vocat
805 2829 854 2891 ille
876 2830 1025 2908 pudicam.

233 2947 290 2987 nec
310 2927 453 3004 pharetris
475 2927 600 2988 Veneris
620 2947 719 2988 macer
739 2939 785 2988 est
806 2939 857 2988 aut
878 2931 1016 3007 lampade
1037 2930 1147 3002 servet3

232 3026 302 3085 inde
324 3028 404 3086 faces
425 3027 539 3100 ardent,
562 3026 684 3088 veniunt
705 3048 724 3087 a
744 3028 816 3088 dote
837 3028 967 3105 sagittae.

232 3125 351 3184 libertas
372 3124 484 3184 emitur.
528 3144 628 3185 coram
650 3124 719 3186 licet
739 3125 842 3184 innuat
864 3135 953 3201 atque
1186 3146 1231 3195 140

232 3223 390 3296 rescribat,
418 3222 508 3282 vidua
529 3236 582 3298 est,
604 3224 737 3300 locuples
758 3242 835 3300 quae
857 3221 957 3299 nupsit
978 3242 1074 3283 avaro.

274 3328 343 3380 ‘cur
363 3318 510 3380 desiderio
532 3320 656 3380 Bibulae
678 3319 821 3380 Sertorius
841 3321 961 3381 ardet?'

281 3549 311 3599 92
341 3533 481 3595 sonantem]
492 3551 609 3584 sonorum
621 3535 722 3598 Benth
808 3549 840 3602 93
867 3536 962 3601 ignium
973 3536 1082 3600 changed
1093 3542 1115 3585 to
1131 3535 1228 3583 Ionium

231 3619 298 3667 inP
362 3631 406 3682 137
440 3622 564 3684 quingena
575 3621 613 3669 P:
631 3619 767 3684 quingenta
772 3626 814 3683 po
