2992 4134
209 381 227 426 2
607 375 808 424 IVVENALIS

208 523 364 587 consilium
386 523 522 583 dedimus
543 512 649 594 Sullae,
671 522 801 606 privatus
822 533 854 581 ut
875 524 967 581 altum
1060 531 1063 535 ’

209 621 357 681 dormiret.
400 624 490 695 stulta
510 634 554 681 est
577 619 743 689 clementia,
766 638 833 678 cum
856 629 901 678 tot
922 612 1033 696 ubique

209 718 325 807 vatibus
346 738 490 808 occurpas,
511 715 657 796 periturae
679 716 944 817 parcerechartad.

179 888 181 892 Ι
209 835 261 874 cur
281 828 379 875 tamen
401 817 459 876 hoc
479 816 578 893 potius
599 816 689 876 libeat
710 816 864 894 decurrere
884 834 1000 892 campo,

209 932 261 988 per
282 930 372 988 quem
393 933 518 989 magnus
539 932 633 989 equos
655 916 812 970 Auruncae
834 911 913 970 flexit
934 913 1078 984 alumnus,

211 1002 241 1068 si
254 1021 338 1068 vacat
359 1030 395 1068 ac
416 1009 526 1086 placidi
546 1009 691 1069 rationem
712 1006 876 1079 admittitis,
899 1009 994 1067 edam,

227 1101 234 1135 ¹·
250 1126 318 1166 cum
340 1118 424 1166 tener
444 1126 565 1166 uxorem
589 1108 678 1166 ducat
699 1098 802 1181 spado,
827 1103 927 1163 Mevia
948 1107 1079 1164 Tuscum

210 1187 280 1280 figat
301 1222 406 1278 apruni
428 1215 458 1264 et
479 1205 560 1263 nuda
581 1214 682 1264 teneat
701 1203 849 1263 venabula
869 1221 1006 1273 mamma,

202 1300 348 1379 'patricios
369 1299 466 1359 omnis
487 1299 593 1377 opibus
614 1319 683 1361 cum
705 1311 845 1377 provocet
865 1296 940 1357 unus

187 1392 272 1485 ''qu
292 1399 437 1458 tondente
458 1398 552 1474 gravis
573 1397 672 1456 iuveni
694 1390 770 1455 mihi
789 1398 880 1455 barba
900 1398 1034 1466 sonabat,
1178 1419 1208 1470 25
1224 1385 1229 1393 ⁶

211 1512 368 1572 cumrpars
391 1495 524 1554 Niliacae
545 1495 650 1571 plebiS,
672 1514 741 1554 curn
762 1513 852 1554 verna
873 1491 991 1570 Canopi

212 1591 376 1668 Crispinus,
398 1590 503 1668 Tyrias
524 1609 627 1650 umero
648 1592 807 1650 revocante
828 1591 967 1662 lacernas,

212 1689 333 1749 ventilet
353 1682 496 1749 aestivum
517 1687 615 1765 digitis
637 1687 812 1748 sudantibus
833 1706 943 1772 aurum

213 1806 268 1845 nec
288 1787 408 1845 sufferre
429 1797 519 1861 queat
540 1784 658 1845 maioris
679 1780 814 1862 pondera
833 1798 977 1861 gemmae,

206 1882 331 1948 ¹difficile
352 1893 396 1943 est
417 1894 546 1941 saturam
567 1902 628 1942 non
650 1882 785 1942 scribere.
829 1901 897 1940 nam
920 1881 985 1958 quis
1007 1880 1127 1958 iniquae
1178 1905 1211 1957 30

213 1991 273 2038 tam
294 1980 408 2056 patiens
430 1979 518 2049 urhis,
541 1990 600 2037 tam
621 1980 740 2053 ferreus,
762 1991 795 2061 ut
816 1989 915 2040 teneat
936 1999 977 2052 se,

213 2075 353 2145 causidici
374 2096 452 2135 nova
472 2084 541 2155 cum
562 2075 662 2135 veniat
684 2076 789 2146 lectica
812 2072 965 2136 Mathonis

213 2174 303 2248 plena
322 2172 396 2249 ipso,
419 2184 487 2248 post
508 2175 589 2231 hunc
610 2173 709 2248 magni
730 2174 846 2233 delator
866 2173 962 2255 amici¹

214 2282 242 2330 et
263 2269 323 2328 cito
344 2281 478 2344 rapturus
499 2269 538 2329 de
558 2260 719 2330 nobilitate
733 2270 852 2330 comesa

213 2366 295 2441 quod
312 2357 455 2441 superest,
473 2383 562 2439 quem
582 2368 683 2426 Massa
700 2367 793 2439 timet,
813 2388 901 2446 quem
919 2388 1040 2429 munere
1057 2370 1159 2448 palpat
1178 2393 1209 2444 35
1232 2444 1234 2448 Α

214 2467 307 2526 Carus
328 2465 396 2524 et'a
416 2463 533 2540 'trepido
554 2466 699 2542 Thymele
720 2465 877 2524 summissa
897 2465 1027 2526 Latino?
1122 2472 1128 2485 “
1192 2469 1196 2475 ’

212 2562 286 2638 quid
307 2563 430 2621 referam
452 2572 564 2637 quanta
584 2561 696 2622 siccum
717 2561 799 2622 iecur
818 2565 921 2623 ardeat
941 2564 992 2638 ira,
1155 2584 1212 2643 4!

186 2715 188 2718 ,
214 2679 281 2743 cum
304 2661 446 2735 populum
468 2660 604 2735 gregibus
625 2660 768 2719 comitum
790 2660 896 2743 premit
917 2661 965 2720 hic
986 2660 1140 2741 spoliatu-

214 2746 319 2834 pupilli
339 2757 499 2832 prostantis
520 2767 549 2814 et
570 2756 619 2815 hic
640 2749 797 2815 damnatus
817 2757 899 2815 inani
1148 2740 1153 2753 ’

214 2852 346 2913 iudicio?
372 2853 444 2928 quid
466 2853 545 2911 enirn
567 2854 654 2927 salvis
674 2851 796 2911 infamia
816 2855 967 2915 nummis?
1042 2867 1043 2870 ’

215 2951 280 3010 exul
301 2952 340 3010 ab
361 2961 466 3009 octava
488 2949 600 3008 Marius
621 2949 696 3009 bibit
717 2961 746 3009 et
767 2949 871 3010 fruitur
891 2953 936 3012 dis

186 3114 190 3119 Ι
213 3044 302 3117 iratis,
324 3058 354 3106 at
375 3058 406 3105 tu
428 3045 530 3117 victrix
551 3046 703 3122 provincia
723 3050 829 3123 ploras.
1180 3072 1212 3126 50

212 3143 288 3205 haec
308 3163 363 3220 ego
384 3163 444 3203 non
466 3144 584 3201 credam
606 3144 761 3202 Venusina
782 3146 872 3222 digna
892 3147 1033 3207 lucerna?

213 3240 288 3317 haec
309 3261 365 3317 ego
386 3261 446 3300 non
468 3239 599 3316 agitem?
626 3243 678 3300 sed
701 3243 773 3318 quid
795 3244 910 3319 magis?
940 3247 1100 3306 Heracleas
1200 3284 1205 3292 ·

212 3349 265 3399 aut
287 3337 467 3397 Diomedeas
488 3348 539 3396 aut
559 3338 703 3414 mugitum
724 3339 881 3415 labyrinthi

213 3447 245 3497 et
265 3453 345 3494 mare
366 3453 535 3510 percussum
557 3454 650 3510 puero
671 3438 846 3512 fabrumque
867 3439 1025 3512 volantem,

213 3552 292 3592 cum·
303 3533 371 3609 leno
392 3530 518 3607 accipiat
539 3531 656 3590 moechi
678 3533 765 3603 bona,
788 3532 812 3591 si
832 3535 970 3611 capiendi
1174 3526 1212 3614 ‘55

213 3628 258 3686 im
280 3651 289 3662 ·
320 3632 393 3686 'lum
414 3629 507 3699 uxori,
530 3630 635 3686 doctus
657 3642 789 3704 spectare
810 3632 938 3704 lacunar,
