2992 4134
538 369 647 418 nisan
671 370 724 420 111.
747 370 891 420 snrvnn
914 370 990 418 v111.
1222 358 1260 441 or

263 514 392 592 porrigat
412 527 442 576 et
462 517 553 593 longo
574 515 697 577 iactetur
717 517 796 593 spira
816 518 924 593 galero.

263 632 334 692 ergo
355 613 548 691 ignominiam
568 614 733 692 graviorem
755 614 876 691 pertulit
898 612 981 674 omni

263 712 384 771 vulnere
403 730 472 771 curn
494 713 631 772 Graccho
652 711 748 772 iussus
770 731 901 788 pugnare
923 722 1047 771 secutor.

304 809 396 870 libera
416 809 441 869 si
462 811 569 871 dentur
589 813 703 887 populo
724 810 869 888 suffragia,
893 812 959 887 quis
980 820 1056 870 tam'

264 906 394 982 perditus
415 919 448 966 ut
468 907 585 970 dubitet
605 909 750 968 Senecam
771 909 918 986 praeferre
941 907 1076 969 Neroni?

263 1003 348 1064 cuius
369 1006 517 1082 supplicio
537 1025 598 1066 non
620 1004 724 1065 debuit
744 1024 806 1064 una
826 1005 923 1081 parari

265 1102 351 1162 simia
370 1122 427 1162 nec
449 1122 571 1180 serpens
592 1123 669 1163 unus
690 1122 747 1163 nec
768 1105 881 1164 culleus
902 1123 986 1164 unus.

265 1220 317 1277 par
337 1198 615 1278 Agamemnonidae
636 1199 757 1273 crimen,
779 1202 833 1261 sed
853 1220 943 1261 causa
963 1201 1032 1262 facit
1053 1222 1115 1262 rem
1216 1221 1262 1274 215

265 1298 446 1359 dissimilem.
490 1298 600 1376 quippe
620 1298 670 1359 ille
691 1297 756 1359 deis
776 1297 947 1360 auctoribus
968 1302 1046 1359 ultor

265 1394 355 1471 patris
377 1407 438 1455 erat
458 1394 537 1456 caesi
559 1395 657 1455 media
677 1395 753 1456 inter
773 1398 891 1474 pocula,
914 1398 967 1457 sed
989 1416 1045 1469 nec

266 1496 403 1554 Electrae
423 1493 523 1572 iugulo
544 1513 576 1554 se
598 1493 704 1571 polluit
725 1505 775 1554 aut
797 1494 934 1572 Spartani

265 1591 409 1670 sanguine
429 1590 567 1669 coniugii,
590 1591 678 1652 nullis
698 1591 817 1652 aconita
837 1590 1012 1667 propinquis

264 1689 390 1764 miscuit,
413 1690 444 1749 in
465 1709 574 1751 scaena
593 1710 758 1768 numquam
780 1690 912 1750 cantavit
933 1692 1063 1764 Orestes,
1216 1715 1265 1751 220

264 1788 374 1848 Troica
394 1808 456 1849 non
477 1788 601 1867 scripsit
644 1788 718 1867 quid
738 1788 818 1850 enim
840 1787 997 1866 Verginius
1018 1788 1106 1850 armis

265 1885 368 1946 debuit
389 1885 491 1946 ulcisci
513 1886 607 1964 magis
627 1898 679 1947 aut
700 1907 768 1947 cum
791 1886 919 1948 Vindice
941 1888 1047 1959 Galba,

265 1986 347 2060 quod
370 1987 452 2045 Nero
472 1995 534 2045 tarn
555 2005 643 2047 saeva
663 1987 814 2062 crudaque
836 1985 991 2062 tyrannide
1013 1987 1104 2047 iecit?

265 2083 340 2143 haec
361 2077 453 2159 opera
472 2093 563 2159 atque
582 2084 639 2144 hae
660 2094 728 2143 sunt
748 2083 886 2160 generosi
907 2083 1048 2161 principis
1069 2097 1154 2156 artes,

265 2178 421 2256 gaudentis
441 2181 531 2240 foedo
551 2183 705 2258 peregrina
725 2183 765 2242 ad
785 2182 900 2259 pulpita
920 2193 1010 2242 cantu
1126 2193 1128 2197 ’

266 2277 401 2355 prostitui
422 2280 588 2356 Graiaeque
609 2279 710 2356 apium
731 2279 872 2340 memisse
893 2299 1029 2341 coronae.

266 2374 410 2435 maiomm
431 2375 541 2454 effigies
561 2378 691 2437 habeant
712 2376 840 2455 insignia
859 2377 950 2451 vocis,

266 2484 336 2531 ante
356 2474 448 2550 pedes
469 2472 586 2534 Domiti
606 2477 728 2552 longum
750 2485 783 2534 tu
803 2494 883 2551 pone
905 2476 1054 2552 Thyestae

266 2591 362 2647 syrma
383 2572 429 2630 vel
451 2570 620 2648 Antigonae
640 2590 797 2648 personam
818 2574 865 2632 vel
888 2571 1089 2650 Melanippae,

266 2677 296 2726 et
317 2668 355 2727 de
376 2686 543 2728 marmoreo
563 2666 704 2727 citharam
726 2670 876 2746 suspende
896 2671 1022 2729 colosso.

306 2765 386 2839 quid,
408 2762 546 2835 Catilina,
569 2762 628 2823 tuis
649 2763 796 2823 natalibus
817 2775 906 2840 atque
928 2766 1053 2844 Cethegi

267 2859 395 2919 inveniet
415 2859 573 2936 quisquam
594 2859 773 2920 sublimius?
800 2879 881 2919 arma
901 2872 1002 2923 tamen
1023 2883 1076 2924 vos

266 2969 410 3016 nocturna
430 2969 460 3017 et
481 2957 615 3017 flammas
636 2955 776 3017 domibus
796 2957 976 3035 templisque
997 2960 1112 3036 paratis,

266 3066 299 3114 ut
320 3057 505 3115 bracatorum
525 3054 608 3132 pueri
629 3056 843 3131 Senonumque
863 3055 1001 3131 minores,

265 3151 330 3212 ausi
350 3154 433 3229 quod
453 3151 541 3214 liceat
561 3153 661 3214 tunica
681 3153 785 3231 punire
807 3155 938 3214 molesta.

265 3250 319 3309 sed
340 3248 440 3328 vigilat
460 3252 565 3312 consul
586 3250 750 3328 vexillaque
770 3262 867 3311 vestra
888 3263 1024 3324 coercet;

265 3348 315 3407 hic
335 3367 430 3409 novus
451 3347 587 3426 Arpinas,
608 3347 746 3426 ignobilis
767 3360 798 3408 et
818 3349 911 3409 modo
933 3352 1050 3410 Romae

314 3585 361 3636 sag
394 3573 462 3635 quod
473 3573 595 3636 Madvgz
612 3573 673 3635 quid
684 3573 726 3619 Pro
848 3571 897 3622 aad
930 3572 1081 3637 Graiaeque]
1098 3575 1264 3636 grataeque?

267 3666 313 3714 ²33
346 3651 489 3715 paratisP:
507 3652 642 3716 parastiso
