2992 4134
542 361 652 408 rrurrrr
676 361 742 412 1111.
767 332 911 411 snrvrni
935 363 968 411 x.

253 505 401 566 bellorum
422 525 536 590 pompa
554 507 686 568 animam
707 510 872 571 exhalasset
893 506 1034 586 opimam,

212 683 214 686 Ι
251 623 322 664 curn
344 606 383 664 de
404 605 573 667 Teutonico
594 609 684 668 vellet
704 608 886 668 descendere
908 609 1016 690 curru?

252 692 378 790 provida
400 685 546 782 Pompeio
567 697 691 767 dederat
711 691 880 784 Canipania
900 708 997 767 febres

252 802 412 877 optandas,
433 804 489 894 sed
510 792 622 865 inultae
643 806 731 865 urbes
753 800 783 864 e't
804 803 926 887 publica
946 814 1016 864 vota

229 901 231 903 ’
251 897 397 973 vicerunt,
419 884 507 981 igitur
529 900 689 961 Fortuna
681 900 774 978 rpsius
794 910 825 962 et
845 899 927 961 urbis

252 1009 404 1057 servatum
415 998 505 1098 victo
526 1011 615 1077 caput
637 999 767 1060 abstulit
810 1000 868 1058 hoc
889 1001 1019 1059 cruciatu

253 1059 427 1167 Lentrilus,
430 1097 488 1155 hac
509 1115 608 1172 poena
629 1095 722 1156 caruit
743 1094 910 1172 ceciditque
933 1096 1083 1173 Cethegus

253 1192 376 1270 integer,
399 1204 429 1253 et
450 1180 540 1254 iacuit
561 1193 692 1257 Catilina
712 1195 858 1254 cadavere
880 1204 952 1255 toto.
1038 1253 1041 1261 ,

295 1291 421 1350 formam
442 1303 529 1369 optat
550 1293 671 1352 modico
715 1291 800 1385 ueris,
823 1290 935 1356 maiore
956 1291 1062 1368 puellis

254 1408 414 1462 murmure,
437 1398 506 1450 cum
528 1391 652 1452 Venerrs
673 1393 687 1450 f
724 1394 789 1451 um
797 1392 887 1463 videt,
910 1370 998 1451 anxia
1018 1370 1112 1450 maier

253 1490 409 1563 usquead
430 1487 553 1549 delicias
574 1501 720 1550 votorum
765 1495 833 1549 ‘cur
854 1489 971 1549 tamcn'
991 1487 1089 1565 inquit

257 1585 435 1662 ‘corripiasl
464 1588 598 1663 pulchra⁴
609 1588 719 1664 gaudet
739 1580 857 1647 Latona
879 1585 995 1661 Diana!

255 1683 308 1742 sed
329 1693 409 1743 vetat
430 1683 527 1775 optari
547 1664 654 1745 faciem
676 1683 815 1745 Lucretia
835 1684 955 1760 qualern

203 1832 207 1838 .
253 1779 320 1880 ipsa
340 1780 454 1853 habuit,
476 1774 599 1859 cupe‘ret
621 1781 741 1842 Rutilae
762 1780 903 1859 Verginia
923 1781 1046 1858 gibbum

254 1875 391 1956 accipere
405 1891 515 1965 atque
523 1899 609 1955 suam
631 1879 752 1940 Rutilae
774 1880 853 1941 dare
896 1878 973 1939 filius
993 1890 1094 1940 autern

254 1976 388 2053 corp‘oris
410 1950 547 2054 egregil
540 1960 663 2046 miseros
684 1976 877 2055 trepidosque
898 1988 1036 2054 parentes

255 2057 597 2150 sempeihabet31ara
619 2088 663 2136 est
683 2076 762 2136 adeo
783 2075 944 2136 concordia
964 2076 1077 2135 formae

255 2182 346 2246 atque
366 2120 535 2276 pudicitiaie
578 2185 698 2236 sanctos
719 2174 789 2234 licet
810 2172 929 2234 horrida
950 2192 1047 2233 mores

256 2268 407 2330 tradiderit
428 2245 536 2334 doinus
557 2290 593 2331 ac
612 2284 727 2357 veteres
747 2261 872 2330 imitata
882 2269 1017 2342 Sabinos,
1114 2331 1117 2334 ,

255 2378 408 2444 praeterea
428 2376 543 2427 castum
565 2360 718 2446 inffenrum
739 2370 914 2444 vultumque
935 2367 1075 2427 modesto

257 2464 400 2542 sanguine
421 2465 586 2527 ferventem
606 2467 716 2529 tribuat
738 2479 843 2527 natura
864 2466 993 2541 benigna

240 2548 335 2641 ·-larga
356 2562 561 2640 manu-quid
582 2566 662 2625 enim
681 2573 777 2640 'puero
798 2564 933 2622 conferre
955 2570 1054 2637 potest
1076 2561 1143 2636 plus

257 2663 381 2731 custode
402 2674 432 2722 et
452 2681 523 2721 cura
545 2673 649 2741 natura
670 2663 820 2738 potentior
841 2660 924 2721 omni
933 2664 986 2720 Ρ-

222 2751 318 2818 «non
338 2760 408 2819 licet
428 2779 494 2821 esse
515 2757 590 2824 viro·
629 2779 699 2846 narn
721 2750 846 2836 prodiga
866 2758 1046 2836 corruptoris

257 2843 432 2934 improbitas
453 2857 540 2935 ipsos
557 2860 649 2920 audet
670 2869 816 2935 temptare
837 2867 975 2936 parentes
986 2875 995 2930 ;

256 2948 338 3035 'tanta
359 2953 390 3013 in
411 2954 584 3037 muneribus¹
603 2955 721 3021 fiducia

257 3051 418 3128 inuncet
439 3051 553 3112 iuvenis
574 3052 673 3130 specie
693 3054 804 3120 laetare
826 3050 875 3124 tui,
899 3070 989 3128 quern

256 3147 369 3209 maiora
388 3159 546 3226 expectant
567 3134 745 3218 dislrimiria
789 3152 841 3210 fiet
861 3149 988 3231 adulter
1019 3147 1022 3150 ⁴

228 3255 230 3257 ’
256 3245 404 3323 publicus,
427 3258 457 3307 et
477 3265 591 3324 poenas
612 3247 717 3308 metuit
738 3264 942 3324 quascumque
964 3240 1060 3301 mariti

198 3369 201 3378 ·
224 3395 227 3400 .
255 3343 321 3407 irati
342 3346 441 3428 debet,
463 3365 520 3406 nec
541 3345 596 3407 erit
616 3346 729 3408 felicior
750 3357 829 3441 astro
908 3405 910 3409 ,

199 3443 373 3517 Martis,
396 3455 428 3503 ut
450 3446 479 3503 in
501 3445 624 3521 laqueos
646 3428 809 3543 numquam
830 3441 951 3504 incidat
995 3437 1089 3516 exigit
1104 3448 1203 3498 autem

248 3659 309 3723 3295*
338 3653 470 3710 suampu:
488 3647 685 3697 suumPBu'clt.
781 3663 829 3711 304
847 3645 1025 3712 vviroJolrnr
1039 3643 1111 3692 uiros
1124 3643 1162 3689 P·-
1177 3638 1272 3680 turso

564 3812 598 3865 ju
702 3844 720 3865 ι
