2992 4134
249 351 309 412 104
643 343 847 393 1vvauAnrs

244 496 333 554 fiscus
354 506 384 552 et
404 495 444 552 ad
464 493 583 569 vigilem
604 489 740 569 ponendi
761 493 888 554 Castora
908 489 1024 550 nummi

245 600 285 651 ex'
301 611 362 668 quo
384 593 467 649 Mars
488 591 578 650 Ultor
598 592 712 668 galeam
734 609 856 667 quoque
876 588 1005 666 perdidit
1026 599 1056 647 et
1076 607 1124 648 res

245 711 307 752 non
328 690 427 768 potuit
448 709 563 750 servare
584 709 660 750 suas.
703 709 773 766 ergo
794 687 896 748 omnia
917 688 1022 747 Florae

246 799 275 847 et
297 788 412 850 Cereris
432 790 502 848 licet
523 797 554 848 et
574 788 703 864 Cybeles
724 789 829 847 aulaea
849 785 1017 862 relinquas3

247 898 330 948 tanto
351 887 478 948 maiores
499 888 631 945 humana
652 885 773 962 negotia
793 884 864 944 ludi.

246 1006 285 1044 an
307 985 400 1063 magis
421 987 574 1046 oblectant
596 983 728 1043 animum
750 983 858 1043 iactata
878 993 1002 1059 petauro
1202 987 1248 1052 265

247 1103 371 1159 corpora
393 1081 505 1158 quique
527 1083 602 1141 solet
623 1092 736 1141 rectum
759 1081 941 1141 descendere
962 1082 1073 1151 funem,

247 1199 337 1256 quam
360 1191 400 1249 tu,
424 1176 551 1255 Corycia
571 1196 690 1254 semper
710 1176 762 1254 qui
782 1196 885 1254 puppe
907 1175 1029 1237 moraris

248 1288 338 1352 atque
358 1275 474 1335 habitas
495 1295 566 1336 coro
588 1294 705 1352 semper
726 1276 877 1335 tollendus
898 1284 928 1334 et
949 1285 1057 1347 austro,

248 1371 381 1449 perditus
402 1392 437 1430 ac
457 1371 523 1431 vilis
545 1371 624 1433 sacci
646 1382 793 1432 mercator
814 1371 931 1442 olentis,

249 1471 300 1548 qui
320 1472 432 1548 gaudes
452 1471 563 1549 pingue
583 1470 723 1545 antiquae
744 1471 783 1530 de
803 1469 889 1530 litore
911 1471 1019 1531 Cretae

250 1588 369 1645 passum
392 1581 420 1628 et
443 1568 608 1645 municipes
630 1567 712 1628 Iovis
733 1566 888 1627 advexisse
908 1569 1052 1644 lagonas?

250 1667 299 1726 hic
320 1678 420 1727 tamen
441 1666 564 1743 ancipiti
584 1669 676 1744 figens
697 1663 821 1743 vestigia
842 1667 945 1741 planta

250 1764 360 1825 victum
382 1765 433 1823 illa
454 1765 592 1824 mercede
613 1774 706 1841 parat,
728 1766 925 1840 brumamque
945 1765 1115 1840 famemque

250 1863 300 1921 illa
322 1874 398 1923 reste
419 1874 523 1923 cavet:
551 1874 583 1922 tu
604 1871 726 1939 propter
746 1861 827 1921 mille
849 1863 961 1921 talenta

252 1971 281 2018 et
302 1971 423 2019 centum
444 1958 528 2020 villas
548 1957 729 2019 temerarius.
772 1943 872 2036 aspice
892 1969 996 2034 portus
1206 1978 1253 2032 275

252 2066 281 2115 et
303 2057 426 2131 plenum
448 2054 564 2131 magnis
585 2054 717 2114 trabibus
739 2074 839 2114 mare:
864 2056 930 2130 plus
952 2054 1107 2115 hominum
1130 2065 1173 2115 est
1195 2054 1253 2114 iam

251 2153 283 2211 in
304 2153 417 2230 pelago.
459 2151 559 2211 veniet
580 2150 690 2222 classis,
713 2171 903 2228 quocumque
924 2151 1036 2211 vocarit

253 2271 321 2327 spes
343 2249 425 2321 lucri,
447 2270 504 2309 nec
526 2249 721 2325 Carpathium
743 2251 932 2325 Gaetulaque
953 2260 1068 2309 tantum

253 2367 383 2424 aequora
403 2346 555 2418 transiliet,
579 2349 630 2407 sed
652 2349 741 2424 longe
764 2348 858 2424 Calpe
878 2346 981 2407 relicta

253 2444 355 2504 audiet
378 2445 531 2505 Herculeo
552 2443 724 2505 stridentem
746 2445 859 2523 gurgite
881 2448 983 2506 solem.
1208 2453 1258 2504 280

252 2545 365 2618 grande
386 2563 492 2620 operae
514 2543 642 2620 pretium
664 2556 716 2616 est,
738 2555 771 2603 ut
792 2556 877 2604 tenso
899 2546 969 2605 folle
989 2542 1095 2603 reverti

253 2637 323 2698 inde
343 2640 467 2698 domum
490 2640 585 2714 possis
607 2640 780 2716 tumidaque
802 2644 946 2718 superbus
967 2642 1056 2714 aluta,

255 2735 369 2796 Oceani
390 2747 520 2795 monstra
542 2748 571 2796 et
592 2737 713 2797 iuvenes
734 2737 843 2798 vidisse
866 2738 1001 2798 marinos.
1087 2784 1093 2793 ,

254 2852 315 2891 non
337 2852 413 2891 unus
434 2842 548 2891 mentes
569 2835 660 2908 agitat
681 2835 769 2892 furor.
812 2836 860 2893 ille
882 2834 988 2894 sororis

253 2929 284 2988 in
305 2929 443 2988 manibus
464 2931 546 2988 vultu
569 2929 769 2989 Eumenidum
793 2942 915 2991 terretur
936 2944 965 2992 et
986 2932 1055 3010 igni,
1209 2943 1256 3009 285

255 3027 303 3086 hic
324 3027 401 3087 bove
422 3045 564 3102 percusso
586 3026 699 3104 mugire
720 3031 948 3105 Agamemnona
968 3033 1062 3091 credit

254 3134 306 3183 aut
328 3125 486 3182 Ithacum:
512 3133 614 3199 parcat
636 3123 744 3182 tunicis
766 3125 835 3185 licet
856 3137 945 3202 atque
966 3128 1101 3200 lacernis,

256 3218 397 3278 curatoris
419 3230 485 3296 eget
506 3218 556 3295 qui
578 3238 684 3278 navem
705 3220 855 3280 mercibus
876 3221 979 3298 implet

255 3317 294 3374 ad
316 3336 465 3375 summum
486 3319 562 3376 latus
584 3327 613 3375 et
635 3318 734 3376 tabula
757 3317 946 3396 distinguitur
966 3322 1057 3392 unda,

255 3434 324 3473 cum
345 3413 383 3472 sit
404 3432 494 3472 causa
516 3414 585 3472 mali
606 3413 681 3474 tanti
702 3425 732 3475 et
754 3414 930 3476 discriminis
951 3417 1037 3476 huius
1210 3443 1260 3492 290

309 3617 360 3686 269
391 3634 424 3668 ac
436 3619 493 3670 vilis
503 3620 546 3673 P:
562 3619 715 3674 aSiculiso
819 3623 863 3684 287
898 3620 1055 3671 lacernrsl’:
1069 3620 1200 3677 laeextrsp
