2992 4134
523 356 633 404 LIBER
655 356 687 404 V.
711 355 855 405 SATVRA
877 356 957 406 xm.
1198 356 1236 421 91

240 500 352 579 effigies
372 500 448 562 inter
467 513 578 562 vestras
598 512 787 580 statuamque
807 501 942 580 Vagelli!

281 600 385 676 accipe
406 619 483 677 quae
503 611 608 661 contra
627 601 724 659 valeat
745 599 856 659 solacia
876 602 951 661 ferre
1195 620 1241 659 rao

241 707 271 756 et
293 697 345 774 qui
366 718 422 759 nec
442 698 562 776 cynicos
583 717 640 758 nec
660 696 755 758 stoica
774 697 916 774 dogmata
937 697 1007 776 legit

241 814 260 853 a
280 794 390 871 cynicis
410 795 513 857 tunica
532 795 680 870 distantia,
702 813 765 854 non
786 793 949 870 Epicurum

242 891 365 969 suspicit
386 894 482 971 exigui
503 896 614 955 laetum
634 891 818 970 plantaribus
839 891 924 953 horti

242 1003 382 1050 curentur
401 991 484 1051 dubii
504 990 629 1051 medicis
650 989 811 1050 maioribus
831 990 929 1067 aegri:

243 1097 275 1144 tu
295 1107 403 1147 venam
423 1091 472 1148 vel
492 1088 640 1166 discipulo
660 1087 814 1148 committe
835 1086 975 1165 Philippi.

244 1185 268 1244 si
290 1187 403 1245 nullum
425 1186 457 1246 in
478 1186 560 1247 terris
573 1198 643 1246 tam
664 1183 841 1246 detestabile
860 1187 973 1246 factum

244 1283 385 1357 ostendis,
407 1294 502 1357 taceo,
524 1304 581 1345 nec
601 1282 708 1361 pugnis
730 1283 855 1344 caedere
875 1294 979 1360 pectus

244 1392 274 1440 te
294 1392 363 1441 veto
384 1401 441 1442 nec
461 1382 551 1458 plana
571 1380 677 1442 faciem
699 1382 883 1441 contundere
905 1381 1013 1457 palma,

245 1477 488 1554 quandoquidem
509 1489 636 1555 accepto
657 1477 826 1537 claudenda
846 1489 892 1536 est
912 1477 1001 1536 ianua
1021 1475 1141 1548 damno,

245 1588 274 1635 et
295 1576 405 1636 maiore
425 1578 533 1637 domus
553 1576 674 1654 gemitu,
695 1576 808 1637 maiore
829 1575 957 1635 tumultu

245 1674 425 1751 planguntur
445 1674 560 1733 nummi
581 1694 670 1752 quam
692 1676 813 1746 funera;
841 1692 931 1734 nemo
952 1672 1087 1732 dolorem

245 1771 327 1849 fingit
347 1771 378 1830 in
399 1773 458 1832 hoc
479 1791 558 1845 casu,
580 1785 694 1833 vestem
715 1771 857 1832 diducere
877 1791 1024 1831 summam

245 1880 412 1942 contentus,
434 1888 540 1929 vexare
560 1870 664 1929 oculos
685 1887 789 1928 umore
810 1879 934 1928 coacto:

245 1969 376 2042 ploratur
396 1966 522 2027 lacrimis
544 1967 653 2027 amissa
673 1966 803 2044 pecunia
823 1966 906 2027 veris.

245 2064 298 2123 sed
320 2063 344 2122 si
365 2075 472 2124 cuncta
491 2062 576 2123 vides
596 2062 684 2123 simili
704 2066 768 2124 fora
788 2064 877 2141 plena
896 2063 1034 2140 querella,

246 2162 269 2219 si
291 2159 391 2220 decies
411 2159 494 2220 lectis
515 2159 632 2219 diversa
652 2170 735 2237 parte
756 2160 872 2221 tabellis

245 2277 323 2316 vana
343 2257 518 2333 supervacui
540 2257 644 2318 dicunt
664 2258 859 2335 chirographa
880 2255 959 2334 ligni,

246 2355 339 2431 arguit
359 2355 491 2431 ipsorum
513 2374 589 2433 quos
609 2355 705 2417 littera
725 2375 903 2433 gemmaque
923 2353 1061 2432 princeps

246 2453 474 2529 sardonychum,
496 2452 601 2512 loculis
621 2472 699 2530 quae
719 2452 885 2514 custoditur
905 2452 1032 2524 eburnis,

246 2560 358 2608 ten—o
379 2547 624 2608 delicias—extra
644 2547 817 2608 communia
837 2567 941 2608 censes

246 2647 429 2722 ponendum,
452 2645 523 2722 quia
543 2656 575 2704 tu
595 2645 722 2722 gallinae
743 2644 818 2704 filius
838 2646 932 2717 albae,

247 2762 302 2802 nos
323 2742 396 2802 viles
416 2743 487 2819 pulli
510 2741 572 2801 nati
592 2741 760 2802 infelicibus
781 2741 867 2803 ovis?

246 2860 309 2900 rem
330 2842 437 2917 pateris
458 2838 607 2900 modicam
629 2850 659 2899 et
680 2839 823 2899 mediocri
844 2839 903 2900 bile
923 2841 1084 2912 ferendam,

247 2937 273 2997 si
293 2939 393 2998 flectas
415 2938 518 2998 oculos
539 2936 651 2998 maiora
671 2938 710 2997 ad
731 2937 862 2997 crimina.
906 2938 1007 2997 confer

247 3037 430 3095 conductum
450 3036 604 3107 latronem,
626 3034 766 3094 incendia
787 3037 906 3111 sulpure
927 3045 1035 3110 coepta

246 3145 337 3208 atque
358 3134 439 3205 dolo,
460 3132 572 3210 primos
593 3152 662 3193 cum
682 3132 773 3192 ianua
792 3132 903 3209 colligit
923 3131 1007 3207 ignes
1017 3150 1026 3203 3

247 3234 349 3292 confer
369 3243 400 3292 et
420 3233 484 3305 hos,
505 3231 612 3292 veteris
633 3231 686 3308 qui
707 3232 814 3290 tollunt
834 3229 956 3307 grandia
977 3227 1078 3305 templi

248 3332 364 3407 pocula,
386 3330 556 3389 adorandae
577 3327 726 3405 robiginis,
748 3339 779 3387 et
799 3327 977 3403 populorum

248 3428 328 3487 dona
348 3430 395 3487 vel
416 3427 539 3505 antiquo
560 3427 672 3503 positas
693 3446 711 3485 a
731 3445 799 3502 rege
820 3444 944 3484 coronas
954 3445 963 3497 3

569 3645 613 3692 ¹25
647 3639 780 3693 venamp:
797 3629 933 3680 veniam?
