2992 4134
524 350 635 400 LIBER
657 349 724 400 1111.
750 348 895 401 SATVRA
919 349 968 399 Xl.

243 519 374 577 namque
394 499 436 561 ibi
457 502 594 586 fortunae
613 499 733 562 veniam
755 503 871 562 damus.
913 502 979 560 alea
1000 497 1092 576 turpis

242 607 328 673 turpe
349 609 379 657 et
400 599 579 659 adulterium
600 597 819 658 mediocribus:
847 599 922 658 haec
943 598 1049 657 eadem
1070 593 1112 654 illi

241 692 346 752 omnia
365 714 436 754 cum
456 694 577 766 faciunt,
599 694 708 755 hilares
728 693 874 772 nitidique
895 707 1046 754 vocantur.

241 800 344 849 nostra
364 791 479 851 dabunt
498 790 574 852 alios
594 790 685 851 hodie
706 790 842 852 convivia
863 791 959 862 ludos,

241 886 382 946 conditor
403 886 518 947 Iliados
539 886 708 948 cantabitur
728 898 819 964 atque
841 887 976 947 Maronis

241 983 362 1044 altisoni
382 983 506 1044 dubiam
527 983 669 1045 facientia
688 983 821 1044 carmina
841 985 980 1062 palmam.

242 1078 315 1155 quid
335 1082 431 1154 refert,
455 1083 529 1141 tales
550 1100 649 1142 versus
671 1101 731 1158 qua
751 1100 827 1141 voce
847 1083 1004 1158 legantur?

283 1178 337 1238 sed
358 1197 439 1239 nunc
460 1179 560 1245 dilatis
579 1189 680 1240 averte
702 1177 822 1256 negotia
842 1177 919 1237 curis

242 1286 272 1334 et
292 1287 405 1352 gratam
426 1277 560 1354 requiem
581 1278 663 1337 dona
683 1276 756 1336 tibi:
783 1276 906 1352 quando
927 1278 1035 1336 licebat

241 1391 296 1448 per
315 1384 412 1433 totum
433 1392 549 1434 cessare
569 1374 674 1434 diem?
701 1391 763 1432 non
783 1372 911 1433 faenoris
932 1374 992 1432 ulla

242 1471 356 1530 mentio
376 1490 434 1531 nec
454 1470 550 1548 prima
570 1471 595 1531 si
616 1473 683 1530 luce
704 1489 823 1548 egressa
842 1469 949 1530 reverti

243 1576 332 1626 nocte
352 1568 437 1639 solet,
459 1566 551 1628 tacito
572 1566 663 1628 bilem
684 1566 738 1627 tibi
760 1567 914 1626 contrahat
936 1585 1017 1626 uxor.

242 1664 376 1740 protinus
397 1677 467 1725 ante
488 1685 588 1725 meum
609 1665 758 1743 quidquid
779 1666 862 1725 dolet
883 1684 958 1724 exue
979 1662 1079 1733 limen,
1198 1683 1243 1731 190

241 1781 321 1839 pone
343 1764 467 1822 domum
489 1774 518 1823 et
540 1784 640 1824 servos
661 1775 691 1824 et
712 1762 858 1840 quidquid
880 1761 1022 1839 frangitur
1042 1759 1099 1820 illis

241 1870 293 1919 aut
313 1859 399 1936 perit,
422 1860 553 1938 ingratos
574 1872 644 1921 ante
665 1860 768 1921 omnia
788 1881 869 1938 pone
889 1861 1015 1921 sodales.

241 1953 354 2014 interea
376 1955 593 2033 Megalesiacae
614 1957 785 2032 spectacula
806 1975 934 2033 mappae

242 2054 370 2113 Idaeum
391 2054 536 2113 sollemne
557 2055 670 2127 colunt,
692 2053 857 2130 similisque
879 2052 1027 2130 triumpho

242 2150 353 2225 praeda
373 2150 557 2210 caballorum
577 2161 695 2227 praetor
716 2151 811 2220 sedet,
832 2169 868 2209 ac
889 2149 960 2209 mihi
982 2169 1055 2226 pace

242 2244 395 2305 inmensae
416 2245 586 2322 nimiaeque
607 2246 676 2307 licet
696 2246 721 2305 si
743 2246 841 2307 dicere
862 2246 966 2323 pleb'is,

242 2351 337 2399 totam
357 2340 448 2402 hodie
469 2344 599 2402 Romam
621 2341 716 2402 circus
737 2342 827 2419 capit,
850 2354 880 2402 et
900 2345 995 2418 fragor
1016 2360 1115 2400 aurern

243 2438 377 2516 percutit,
399 2451 540 2499 eventurn
561 2438 661 2500 viridis
682 2459 743 2516 quo
764 2439 873 2516 colligo
894 2438 993 2516 panni.

242 2533 357 2593 namsi
379 2536 526 2609 deficeret,
551 2547 694 2595 maestam
715 2535 934 2611 attonitamque
956 2534 1070 2594 videres

242 2633 319 2690 hanc
339 2633 444 2692 urbem
465 2632 556 2693 veluti
578 2635 749 2694 Cannarum
771 2635 801 2692 in
822 2634 942 2710 pulvere
964 2633 1048 2691 victis
1194 2653 1241 2688 200

241 2728 420 2788 consulibus.
464 2742 600 2807 spectent
621 2730 751 2802 iuvenes,
775 2750 851 2807 quos
873 2732 985 2790 clamor
1006 2741 1035 2790 et
1056 2731 1154 2789 audax

242 2825 372 2902 sponsio,
396 2846 473 2902 quos
492 2828 590 2888 cultae
612 2828 700 2889 decet
720 2828 871 2888 adsedisse
892 2831 1025 2906 puellae:

242 2933 342 2982 nostra
362 2924 446 2984 bibat
466 2945 589 2985 vernum
609 2938 762 2987 contracta
783 2927 910 2988 cuticula
931 2930 1025 2988 solem

241 3019 420 3097 effugiatque
441 3032 550 3100 togam.
594 3025 652 3083 iam
674 3044 755 3083 nunc
775 3024 807 3084 in
827 3026 933 3084 balnea
955 3025 1035 3084 salva

240 3118 336 3177 fronte
356 3117 425 3179 licet
445 3122 545 3192 vadas,
566 3141 748 3200 quamquam
770 3122 864 3183 solida
886 3122 958 3182 hora
979 3119 1106 3196 supersit
1192 3143 1238 3195 205

240 3217 280 3274 ad
300 3226 421 3275 sextam.
464 3219 561 3278 facere
582 3202 641 3279 hoc
661 3241 723 3281 non
744 3219 840 3298 possis
862 3219 993 3297 quinque
1015 3219 1118 3279 diebus

240 3311 397 3385 continuis,
420 3313 490 3389 quia
510 3327 580 3375 sunt
600 3316 666 3376 talis
687 3336 809 3393 quoque
830 3316 929 3377 taedia
949 3317 1027 3378 vitae

240 3427 366 3485 magna,
394 3412 562 3487 ¹voluptates
584 3414 777 3474 commendat
798 3412 889 3474 rarior
908 3433 985 3474 usus.

291 3541 336 3600 178
369 3539 616 3590 saciuntsomcmss.:
634 3543 877 3594 saciantPTBr'ich.
1019 3547 1064 3608 184
1097 3545 1187 3594 licebat
1200 3547 1237 3592 P:

240 3619 324 3668 licebit
329 3628 370 3684 po
445 3635 489 3686 ¹95
523 3624 616 3688 praeda
626 3626 664 3674 P:
683 3627 776 3692 praedo
782 3635 803 3694 p
882 3641 930 3698 rqq
961 3627 1219 3692 rtuercspxuusxe
1237 3627 1255 3640 “

316 3739 383 3795 Μ
