2992 4134
531 329 642 379 LIBER
667 331 717 379 111.
741 330 885 380 SATVRA
907 329 968 379 vll.

249 474 384 550 auditur,
401 475 466 563 sed
486 493 554 535 cum
573 474 659 552 fregit
679 474 819 536 subsellia
840 495 934 549 versu,

229 568 348 645 ‘esurit
369 524 510 641 intactam
532 570 630 633 Paridi
652 570 708 630 nisi
730 572 832 633 vendit
855 575 986 649 Agauen.

248 668 297 735 ille
318 681 359 771 et
369 668 491 730 militiae
512 667 612 730 multis
632 669 753 746 largitur
773 670 927 741 honorem,
979 717 987 731 .

247 731 404 825 semenstri
424 761 532 842 digitos
553 775 655 826 vatum
676 764 859 842 circumligat
880 784 960 825 auro.

248 862 330 936 quod
351 880 413 922 non
434 860 517 922 dant
527 826 675 939 pitoceres,
695 862 779 923 dabit
800 861 910 922 histrio.
956 873 987 922 tu
1009 860 1250 932 Camerinos90

248 970 279 1017 et
300 961 433 1031 Baream,
455 968 488 1018 tu
509 957 653 1019 nobilium
676 979 784 1037 magna
804 958 877 1019 attia
898 959 1005 1018 curas?

250 1056 417 1130 praefectos
438 1055 569 1134 Pelopea
589 1056 668 1129 facit,
691 1056 857 1117 Philomela
876 1056 1019 1116 tribunos.

249 1153 321 1209 haut
343 1163 443 1211 tamen
463 1150 597 1213 invideas
618 1153 678 1212 vati
699 1173 789 1230 quern
811 1128 934 1230 puipit‘d
947 1130 1124 1229 pascuit·
1152 1142 1166 1155 ”

249 1247 315 1324 quis
337 1247 393 1307 tibi
415 1251 586 1322 Maecenas,
608 1249 673 1327 quis
694 1270 776 1310 nunc
796 1250 850 1310 erit
871 1261 922 1309 aut
944 1249 1114 1309 Proculeius

249 1356 300 1403 aut
323 1343 454 1404 Fabius?
481 1344 548 1421 quis
570 1346 661 1407 Cotta
682 1345 798 1416 iterum,
820 1345 887 1423 quis
909 1347 1051 1405 Lentulus
1073 1347 1166 1405 alter?
1217 1366 1247 1417 95

250 1453 321 1500 tunc
342 1461 397 1517 par
417 1441 537 1519 ingenio
558 1443 694 1519 pretium,
716 1458 789 1503 tunc
810 1443 882 1503 utile
903 1443 1003 1502 multis

248 1539 359 1615 pallere
381 1549 411 1597 et
432 1537 535 1597 vinum
558 1549 622 1599 toto
643 1539 757 1599 nescire
778 1539 938 1598 decembri.

289 1645 385 1695 vester
406 1655 496 1711 porro
516 1637 601 1697 labor
620 1635 784 1707 secundior,
807 1636 993 1696 historiarum

249 1734 429 1810 scriptores?
457 1733 533 1811 perit
554 1733 604 1794 hic
624 1737 691 1813 plus
711 1733 854 1810 temporis
875 1747 964 1810 atque
986 1733 1043 1793 olei
1065 1735 1139 1810 plus.

248 1829 333 1888 nullo
354 1829 466 1906 quippe
487 1831 581 1891 modo
601 1830 779 1892 millensima
799 1832 907 1908 pagina
927 1830 1017 1905 surgit
1203 1850 1249 1886 100

248 1923 389 1984 omnibus
410 1936 440 1986 et
460 1927 566 1988 crescit
586 1930 680 1987 multa
700 1928 846 1987 damnosa
867 1946 996 2003 papyro,

248 2021 291 2081 sic
311 2021 416 2099 ingens
436 2042 534 2083 rerum
555 2042 695 2085 numerus
716 2026 799 2084 iubet
820 2035 909 2100 atque
929 2041 1054 2099 operum
1075 2022 1128 2080 lex.

247 2138 326 2195 quae
347 2130 448 2179 tamen
470 2119 541 2181 inde
561 2123 668 2198 seges?
695 2132 788 2181 terrae
809 2119 875 2196 quis
896 2121 1006 2178 fructus
1027 2119 1166 2196 apertae?

248 2214 315 2291 quis
336 2213 419 2275 dabit
440 2215 581 2297 historico
602 2229 747 2293 quantum
770 2217 852 2276 daret
873 2227 940 2275 acta
960 2213 1092 2292 legenti?

291 2312 360 2372 ‘sed
380 2331 475 2388 genus
497 2311 645 2389 ig'n'a'vt'rm,
667 2316 748 2390 quod
771 2316 849 2374 lecto
870 2312 979 2388 gaudet
1000 2323 1030 2370 et
1051 2308 1173 2368 umbra!
1202 2330 1246 2381 105

248 2407 297 2467 dic
318 2408 405 2484 igitur
425 2408 498 2485 quid
519 2411 676 2470 causidicis
698 2411 795 2470 civilia
815 2418 967 2487 praestent

248 2506 346 2567 officia
366 2519 396 2566 et
417 2526 527 2585 magno
548 2508 674 2568 comites
694 2508 724 2567 in
747 2509 827 2567 fasce
847 2502 946 2564 libelli.

248 2606 304 2684 ipsi
325 2627 432 2684 magna
452 2619 569 2681 sonant,
593 2610 646 2668 sed
668 2620 731 2666 tum
753 2626 821 2666 cum
843 2601 971 2664 creditor
991 2600 1073 2663 audit
1102 2597 1105 2600 ⁴

247 2705 413 2781 praecipue,
435 2706 484 2765 vel
505 2704 529 2764 si
550 2705 646 2782 tetigit
668 2706 744 2764 latus
766 2702 861 2763 acrior
881 2700 932 2761 illo

247 2800 299 2876 qui
319 2799 406 2877 venit¹
420 2801 458 2861 ad
480 2801 604 2860 dubium
626 2800 729 2878 grandi
752 2819 820 2860 cum
842 2797 947 2858 codice
968 2814 1077 2855 nomen
1089 2817 1098 2869 3
1202 2819 1248 2854 110

246 2910 318 2958 tunc
338 2897 474 2958 inmensa
495 2897 561 3006 ca-vi
581 2897 695 2975 spirant
716 2897 874 2958 mendacia
893 2896 978 2980 fplles

246 2995 478 3077 conspuiturque
499 2995 598 3056 sinus:
627 3015 726 3054 veram
749 2994 933 3071 deprendere
955 3008 1081 3050 messem

246 3094 270 3152 si
292 3093 374 3166 libet,
397 3093 467 3151 hinc
489 3104 610 3153 centum
632 3091 811 3170 patrimonia
831 3087 1057 3160 causidicorum,

245 3202 329 3269 parte
349 3189 406 3251 alia
427 3193 524 3250 solum
545 3189 651 3251 russati
671 3165 751 3268 piune
773 3190 922 3247 Lacertae.
1116 3158 1177 3295 s}

244 3289 408 3350 consedere
429 3287 531 3356 duces,
554 3286 650 3364 surgis
670 3297 702 3346 tu
723 3284 851 3364 pallidus
873 3280 950 3340 Aiax
1202 3304 1246 3355 115

244 3385 376 3442 dicturus
397 3382 489 3444 dubia
509 3401 564 3459 pro
584 3382 720 3445 libertate
742 3380 874 3441 bubulco

253 3525 255 3528 “
294 3529 326 3580 99
360 3514 473 3577 peritP:
491 3515 553 3578 petit
563 3522 603 3578 po
737 3527 784 3562 roo
816 3508 886 3558 nullo
897 3507 989 3572 quippe
999 3509 1075 3557 modo
1087 3511 1122 3558 P:
1140 3526 1246 3573 namque

246 3596 325 3643 oblita
336 3595 404 3642 modi
416 3602 456 3657 po
594 3612 639 3659 ¹14
673 3595 791 3644 Lacertae
806 3598 858 3656 po:
876 3588 1025 3639 lacernaeP

328 3718 356 3757 ι).
368 3718 392 3771 J.
1182 3717 1201 3765 a
