2992 4134
523 365 634 415 LIBER
658 367 725 416 1111.
749 366 894 416 SATVRA
915 369 950 419 X.

231 480 389 620 gwerra
402 523 432 573 et
453 514 514 583 lato
534 512 670 573 Setinum
692 513 837 574 ardebit
829 534 859 574 ιιι
881 534 963 575 auro.

232 626 330 668 iamne
351 619 439 685 rgrtur
458 603 563 670 laudas
584 611 667 695 quod
688 612 728 695 de
748 609 933 711 sapientibus
953 613 1027 674 alter

230 706 355 778 ridebat,
378 705 516 784 quotiens
537 710 576 769 de
596 707 699 787 limine
721 720 854 798 moverat
876 728 969 768 unum

229 797 451 881 protuleratque
473 806 593 896 pedem,
614 778 706 885 flebat
727 790 892 867 contrarius
913 811 1039 867 auctor?
1206 831 1238 883 30

230 901 284 985 sed
304 900 398 973 facilis
419 901 513 990 cuivis
534 902 621 980 rigidi
642 922 768 963 censura
788 902 947 964 cachinni.

231 979 399 1058 mirandum
420 979 465 1060 est
486 995 580 1062 unde
587 1001 640 1095 ille
659 999 755 1092 oculis
776 992 924 1063 suffecerit
944 1021 1038 1062 ιιιιιοι.

230 1109 376 1189 perpetuo
396 1100 456 1159 risu
478 1079 654 1191 pulmonem
667 1091 787 1177 agitare
808 1085 950 1177 sblebat

232 1179 431 1273 Democritus,
452 1218 634 1277 quamquam
655 1217 717 1258 non
739 1208 839 1259 essent
860 1198 982 1259 urbibus
1004 1198 1062 1260 illis

230 1306 399 1381 praetextae
420 1297 540 1356 trabeae
560 1298 654 1356 fasces
675 1293 782 1355 lectica
803 1293 939 1356 tribunal.

230 1392 347 1482 quidosi
368 1393 491 1454 vidisset
511 1404 678 1470 praetorem
699 1392 835 1453 curribus
855 1393 922 1453 altis

230 1503 379 1551 extantem
402 1503 431 1552 et
453 1492 544 1554 medii
566 1490 734 1600 spblimem
747 1474 915 1568 pulvere'
890 1492 960 1553 circi

228 1586 261 1646 in
281 1588 382 1648 tunica
403 1589 501 1650 lovis·
506 1600 536 1650 et
556 1587 655 1699 pictae
676 1572 801 1650 Sariana
821 1592 964 1650 serentem

229 1701 266 1740 ex
286 1681 396 1742 umeris
417 1663 521 1777 ιιιιιει
542 1656 649 1759 togae·
650 1702 838 1760 magnaeque
858 1701 988 1744 coronae

228 1790 344 1839 tantum
366 1754 494 1869 orbetn,
501 1777 616 1857 ιιιιιιιιό
637 1780 736 1841 cervix
757 1798 820 1840 non
841 1778 949 1840 sufficit
970 1782 1052 1839 ulla?
1201 1805 1235 1852 40

199 1851 340 1952 quippe
361 1887 444 1950 tenet
464 1878 576 1957 sudans
596 1879 674 1937 hanc
695 1846 843 1983 publicus,
866 1866 896 1937 e't
917 1876 974 1937 sibi
995 1879 1101 1938 consul

211 1955 266 2043 'rie'
287 1976 411 2057 placeat,
433 1994 520 2034 curru
541 1995 641 2051 semus
662 1985 797 2053 portatur
817 1975 933 2035 eodem.

227 2072 267 2131 da
288 2083 419 2143 nuncet
440 2074 601 2158 volucrem,
622 2085 741 2150 sceptro
763 2092 839 2150 quae
861 2071 952 2150 surgit
973 2074 1095 2145 ebum0‚

199 2171 204 2180 '
227 2167 308 2227 illinc
328 2168 504 2259 cornicines,
527 2169 598 2230 hinc
619 2169 829 2247 praecedentia
850 2168 931 2246 longi

227 2265 353 2342 agminis
362 2260 471 2326 officia
492 2278 522 2326 et
543 2266 647 2328 niveos
667 2268 706 2327 ad
727 2269 810 2328 frena
831 2267 968 2344 Quirites

227 2363 397 2459 defossam
418 2366 533 2425 loculos
554 2383 629 2442 quos
651 2367 784 2441 sportula
805 2364 875 2427 fecit
896 2365 1017 2426 amicos.

227 2578 366 2618 occursus
387 2557 554 2632 hominurn,
576 2561 660 2620 cuius
681 2559 841 2638 prudentia
862 2571 1007 2621 monstrat

226 2648 358 2726 su'mmos
379 2675 468 2733 posse
489 2656 567 2718 viros
588 2668 618 2718 et
639 2677 748 2751 magna
769 2658 907 2733 e'xempla
928 2660 1049 2717 daturos

225 2771 382 2834 vervecum
403 2754 435 2813 in
453 2755 528 2833 pa'
570 2776 732 2835 crassoque
754 2758 810 2816 sub
831 2775 898 2816 aere
920 2754 1012 2817 na'sci.
1055 2774 1076 2789 ··
1199 2774 1231 2827 50

225 2824 340 2911 ridebat
360 2869 445 2911 curas
465 2870 503 2912 ne
542 2871 606 2912 non
626 2864 656 2914 et
676 2851 797 2930 gaudia
807 2852 894 2929 vulgi,

225 2946 373 3008 interdum
394 2959 423 3008 et
444 2948 589 3025 lacrimas,
611 2970 681 3010 cum
703 2953 854 3012 Fortunae
874 2951 938 3028 ipse
959 2949 1068 3010 minaci

225 3047 380 3106 mandaret
400 3048 541 3132 laqueum
562 3024 771 3126 mediumqrfl
778 3050 950 3110 ostenderet
971 3067 1110 3124 unguem.

238 3157 335 3221 'ergo
355 3165 540 3242 supervacua
559 3158 610 3208 aut
631 3150 679 3208 vel
699 3147 867 3241 perniciosa
887 3124 1037 3241 putentur,

200 3288 202 3293 s
224 3263 299 3320 prop
313 3262 344 3303 er
364 3263 440 3320 quae
461 3245 506 3304 ias
527 3257 572 3307 est
592 3265 690 3324 genua
711 3245 843 3305 incerare
864 3244 1012 3304 deorum?
1196 3262 1226 3314 55

224 3359 299 3433 quos
340 3360 370 3399 ιιι
391 3339 573 3420 praecipitat
588 3334 722 3404 subiecta
743 3331 881 3419 potentia
902 3359 1028 3418 magnae

271 3501 301 3549 35
329 3495 457 3551 praetexta
468 3491 583 3540 etrabeae
594 3491 632 3539 P:
650 3496 779 3555 praetexta
790 3496 815 3538 et
826 3489 927 3539 trabeae
932 3495 954 3553 p
1019 3486 1051 3550 46
1082 3487 1177 3535 loculos
1189 3488 1223 3533 P:

223 3566 311 3619 loculis
327 3584 347 3615 ιι
464 3586 495 3632 54
527 3578 569 3618 aut
586 3571 626 3620 vel
644 3571 783 3635 perniciosa
799 3570 949 3628 Dddarlein:
971 3573 1013 3616 aut
1030 3565 1168 3631 perniciosa
1184 3565 1226 3612 Po

223 3655 339 3711 putentur
351 3650 487 3721 Richards:
504 3660 622 3716 petuntur
633 3656 677 3703 Po

301 3773 329 3812 n.
342 3772 366 3826 ι.
