2992 4134
237 373 282 434 40
635 368 834 419 1vvaunnts

237 515 300 573 vult
320 516 471 575 formonsa
491 513 595 575 domi?
623 513 755 576 moechis
776 514 877 576 foliata
897 528 1044 593 parantur,

238 610 283 670 his
304 610 417 683 emitur,
440 610 587 688 quidquid
608 611 731 688 graciles
752 612 811 671 huc
832 613 947 673 mittitis
969 612 1046 672 Indi.

240 709 361 768 tandem
382 708 476 789 aperit
495 710 611 768 vultum
632 720 662 768 et
682 708 806 769 tectoria
826 710 921 788 prima
940 710 1065 788 reponit,

238 805 342 883 incipit
362 807 491 883 agnosci,
514 819 604 882 atque
625 807 676 866 illo
697 809 776 867 lacte
796 810 911 869 fovetur

238 914 359 981 propter
379 905 462 981 quod
482 922 583 964 secum
605 905 730 963 comites
751 904 851 964 educit
873 907 978 964 asellas

238 1002 305 1059 exul
329 1002 558 1079 Hyperboreum
580 999 605 1058 si
626 999 792 1059 dimittatur
812 1003 849 1059 ad
871 1021 964 1060 axem.

239 1099 292 1157 sed
314 1117 390 1174 quae
411 1096 530 1157 mutatis
551 1096 701 1156 inducitur
720 1110 811 1175 atque
831 1101 948 1158 fovetur

239 1204 283 1252 tot
304 1193 549 1254 medicaminibus
570 1203 733 1270 coctaeque
754 1195 877 1273 siliginis
898 1197 971 1256 offas

239 1291 346 1368 accipit
367 1303 396 1352 et
417 1290 564 1363 madidae,
585 1290 676 1350 facies
697 1291 811 1352 dicetur
833 1312 870 1351 an
892 1293 998 1353 ulcus?

279 1400 323 1447 est
345 1387 469 1466 pretium
490 1406 578 1446 curae
598 1387 718 1464 penitus
739 1409 919 1466 cognoscere
940 1401 1004 1449 toto

239 1484 312 1561 quid
332 1484 441 1545 faciant
461 1484 633 1562 agitentque
654 1484 711 1544 die.
754 1485 780 1545 si
801 1497 889 1547 nocte
910 1485 1031 1545 maritus

239 1602 357 1643 aversus
377 1581 475 1654 iacuit,
498 1581 584 1659 periit
605 1582 730 1658 libraria,
752 1594 870 1661 ponunt

239 1693 389 1742 cosmetae
410 1679 533 1755 tunicas,
554 1684 638 1742 tarde
660 1680 776 1740 venisse
798 1682 945 1743 Liburnus

240 1778 346 1838 dicitur
366 1790 396 1839 et
416 1798 529 1855 poenas
550 1778 639 1838 alieni
659 1780 791 1856 pendere
813 1780 910 1839 somni

239 1877 362 1952 cogitur,
384 1877 433 1935 hic
453 1877 558 1951 frangit
579 1876 695 1947 ferulas,
716 1877 802 1935 rubet
822 1875 871 1935 ille
892 1877 1017 1954 flagello,

239 1973 288 2032 hic
310 1972 438 2046 scutica;
466 1983 534 2030 sunt
555 1991 632 2047 quae
653 1971 812 2032 tortoribus
833 1991 933 2032 annua
953 1987 1110 2052 praestent.

240 2072 373 2131 verberat
394 2080 483 2144 atque
503 2067 599 2127 obiter
619 2067 725 2128 faciem
746 2066 820 2142 linit,
842 2070 926 2129 audit
946 2073 1055 2132 amicas

240 2178 290 2226 aut
311 2169 402 2225 latum
424 2165 523 2242 pictae
542 2164 631 2224 vestis
652 2165 820 2224 considerat
841 2184 945 2224 aurum

240 2275 270 2323 et
290 2263 397 2334 caedit,
419 2261 499 2338 longi
520 2261 623 2338 relegit
644 2271 808 2321 transversa
829 2261 926 2322 diurni

240 2373 270 2422 et
291 2361 397 2434 caedit,
419 2362 517 2420 donec
537 2360 620 2419 lassis
641 2359 836 2435 caedentibus
859 2361 937 2422 ‘exi'

186 2486 225 2536 s
241 2456 355 2518 intonet
376 2456 555 2516 horrendum
576 2455 635 2514 iam
656 2455 828 2532 cognitione
849 2470 976 2533 peracta.

240 2556 423 2630 praefectura
443 2553 551 2611 domus
572 2551 670 2612 Sicula
691 2570 753 2611 non
775 2552 873 2614 mitior
892 2557 966 2615 aula.

241 2671 310 2709 nam
332 2650 356 2709 si
376 2649 529 2710 constituit
550 2649 698 2726 solitoque
718 2651 873 2711 decentius
893 2664 976 2728 optat

240 2745 337 2804 ornari
357 2757 387 2804 et
408 2758 546 2822 properat
567 2744 685 2822 iamque
705 2758 876 2821 expectatur
896 2748 927 2806 in
948 2748 1040 2808 hortis

240 2854 291 2902 aut
311 2853 382 2920 aput
403 2842 517 2903 Isiacae
537 2843 636 2918 potius
657 2843 781 2904 sacraria
801 2845 894 2918 lenae,

241 2942 371 3018 disponit
392 2942 502 3003 crinem
524 2942 658 3002 laceratis
679 2943 743 3018 ipsa
764 2943 878 3019 capillis

241 3043 323 3100 nuda
342 3061 444 3102 umero
466 3044 573 3101 Psecas
594 3042 696 3102 infelix
716 3041 864 3118 nudisque
885 3041 1030 3101 mamillis.

243 3139 345 3198 ‘altior
364 3138 413 3197 hic
433 3158 523 3214 quare
544 3138 738 3198 cincinnus?'
769 3150 871 3199 taurea
891 3139 977 3213 punit

241 3235 383 3294 continuo
405 3235 472 3294 flexi
493 3237 604 3294 crimen
626 3235 799 3311 facinusque
821 3235 928 3313 capilli.

242 3331 314 3406 quid
335 3334 441 3390 Psecas
462 3331 604 3391 admisit?
631 3351 778 3408 quaenam
801 3343 845 3392 est
867 3333 915 3391 hic
935 3336 1023 3411 culpa
1044 3336 1170 3412 puellae,

290 3527 337 3591 466
370 3528 464 3578 hucw:
482 3528 560 3578 hicP
627 3541 675 3597 479
708 3529 808 3594 flagello
819 3531 857 3579 P:
874 3530 978 3594 flagellis
984 3538 1006 3594 p
1070 3547 1118 3596 493
1146 3534 1239 3583 crimen

243 3631 276 3664 a:
294 3614 386 3661 crinem
398 3613 423 3660 P
