2992 4134
642 377 844 428 IVVENALIS

613 712 779 770 SATVRA
807 714 879 771 XII.

245 869 353 943 Natali,
376 870 513 943 Corvine‚
536 871 585 931 die
606 871 678 931 mihi
699 872 814 932 dulcior
834 875 907 933 haec
928 875 986 946 lux,

243 988 303 1045 qua
323 972 415 1030 festus
436 970 581 1047 promissa
601 971 666 1030 deis
687 970 826 1031 animalia
846 992 967 1049 caespes

243 1079 386 1145 expectat.
428 1067 545 1127 niveam
566 1067 684 1145 reginae
704 1067 840 1129 ducimus
861 1089 977 1147 agnam,

244 1188 298 1244 par
318 1168 411 1227 vellus
433 1167 551 1227 dabitur
571 1166 715 1244 pugnanti
736 1169 876 1244 Gorgone
899 1171 1013 1241 Maura,

244 1267 297 1325 sed
318 1266 422 1342 procul
442 1275 597 1324 extensum
618 1267 755 1343 petulans
776 1265 871 1342 quatit
892 1266 989 1325 hostia
1010 1268 1112 1327 funem
1231 1290 1245 1342 5

244 1360 373 1439 Tarpeio
394 1373 509 1421 servata
530 1362 595 1422 Iovi
616 1365 804 1440 frontemque
824 1375 967 1436 coruscat,

245 1458 357 1536 quippe
378 1462 460 1519 ferox
480 1459 589 1521 vitulus
612 1460 729 1538 templis
751 1472 882 1521 maturus
904 1472 933 1521 et
954 1481 1021 1522 arae

244 1557 485 1633 spargendusque
507 1576 596 1629 mero,
619 1577 709 1634 quem
730 1557 790 1616 iam
811 1558 903 1635 pudet
924 1559 1015 1619 ubera
1035 1558 1136 1619 matris

245 1655 361 1726 ducere,
384 1653 434 1730 qui
454 1665 541 1713 vexat
562 1654 696 1714 nascenti
717 1656 825 1714 robora
845 1673 946 1714 comu.

245 1750 269 1808 si
290 1771 337 1810 res
357 1753 457 1828 ampla
479 1750 561 1810 domi
581 1750 745 1828 similisque
766 1750 931 1811 adfectibus
952 1764 1039 1827 esset,

244 1847 380 1924 pinguior
402 1848 543 1924 Hispulla
563 1850 726 1908 traheretur
746 1861 846 1908 taurus
868 1860 897 1908 et
917 1848 982 1926 ipsa

245 1946 324 2005 mole
344 1945 426 2022 piger
445 1965 502 2005 nec
523 1947 648 2006 finitima
667 1946 795 2006 nutritus
816 1949 846 2006 in
868 1948 966 2021 herba,

245 2045 322 2103 laeta
343 2045 396 2102 sed
418 2045 578 2104 ostendens
600 2044 744 2105 Clitumni
765 2065 877 2122 pascua
898 2046 1015 2123 sanguis

245 2142 299 2201 iret
320 2152 350 2201 et
370 2161 389 2199 a
408 2142 511 2218 grandi
532 2141 630 2201 cervix
650 2143 782 2203 ferienda
804 2144 947 2219 ministr0,

245 2240 285 2298 ob
306 2238 434 2298 reditum
456 2237 629 2315 trepidantis
649 2240 749 2300 adhuc
770 2242 977 2319 horrendaque
998 2243 1077 2320 passi

245 2357 339 2414 nuper
359 2348 389 2396 et
409 2336 589 2397 incolumem
610 2356 675 2397 sese
696 2338 828 2398 mirantis
850 2339 946 2398 amici.

246 2453 314 2493 nam
335 2445 450 2511 praeter
469 2433 567 2512 pelagi
588 2454 674 2494 casus
695 2446 724 2494 et
744 2435 874 2495 fulminis
895 2435 970 2497 ictus

246 2529 345 2590 evasit.
388 2532 499 2590 densae
520 2533 635 2591 caelum
657 2534 841 2594 abscondere
862 2536 1003 2596 tenebrae

244 2629 325 2687 nube
346 2647 405 2687 una
426 2626 600 2704 subitusque
620 2639 776 2690 antemnas
798 2630 904 2707 inpulit
926 2631 1009 2708 ignis,

245 2745 313 2785 cum
334 2744 366 2784 se
387 2724 514 2802 quisque
535 2724 585 2785 illo
606 2746 778 2802 percussum
801 2729 934 2789 crederet
955 2740 985 2788 et
1007 2750 1076 2789 mox

245 2823 388 2884 attonitus
408 2824 523 2882 nullum
545 2825 670 2885 conferri
691 2845 781 2903 posse
802 2837 919 2903 putaret

245 2920 428 2999 naufragium
449 2920 522 2982 velis
542 2922 725 2983 ardentibus
768 2923 870 2984 omnia
891 2925 966 2983 fiunt

245 3019 315 3080 talia
335 3031 396 3079 tam
416 3019 548 3098 graviter,
572 3019 738 3095 siquando
760 3021 878 3097 poetica
899 3021 990 3099 surgit

245 3127 413 3193 tempestas.
455 3136 549 3195 genus
570 3137 641 3178 ecee
662 3118 742 3179 aliud
764 3117 941 3180 discriminis
962 3118 1032 3179 audi

224 3212 226 3215 ’
245 3227 275 3276 et
296 3214 434 3276 miserere
455 3214 569 3289 iterum,
592 3235 774 3294 quamquam
796 3216 975 3279 sint'cetera
995 3218 1081 3278 sortis
1213 3242 1243 3293 25

245 3311 379 3373 eiusdem
400 3332 468 3389 pars
490 3312 554 3372 dira
574 3311 696 3390 quidem
718 3313 772 3373 sed
793 3315 913 3390 cognita
933 3314 1042 3388 multis,

245 3422 275 3471 et
296 3429 386 3487 quam
407 3409 506 3471 votiva
526 3420 671 3472 testantur
690 3411 760 3470 fana
781 3411 890 3471 tabella

244 3508 390 3583 plurima3
417 3507 546 3585 pictores
568 3507 632 3584 quis
653 3505 747 3568 nescit
769 3509 807 3567 ab
829 3507 909 3567 Iside
931 3509 1034 3586 pasci?

342 3683 412 3722 xus
445 3671 509 3733 deis]
525 3671 579 3721 dies
591 3673 626 3721 P:
643 3671 691 3722 diis
697 3679 718 3736 p
818 3673 847 3720 18
880 3673 957 3721 evasit
969 3673 1030 3722 PT:
1047 3669 1145 3720 evasio
