2992 4134
263 390 272 432 ¹
284 390 323 434 10
660 383 860 432 IVVENALIS

258 548 384 604 quorum
407 527 581 604 corporibus
601 530 820 590 vescebantur?
849 529 953 592 melius
975 549 1030 590 nos

259 624 387 685 Zenonis
408 637 567 702 praecepta
587 637 720 700 monent,
743 647 800 686 nec
821 627 900 687 enim
924 626 1024 687 omnia
1044 626 1169 704 quidam

259 741 313 798 pro
334 720 395 781 vita
415 721 553 783 facienda
573 734 690 798 putant,
713 725 767 785 sed
789 725 940 784 Cantaber
961 726 1041 785 unde

259 822 369 880 stoicus
391 822 504 898 antiqui
526 821 699 898 praesertim
721 833 820 883 aetate
842 823 980 883 Metelli?

259 937 339 976 nunc
361 929 440 977 totus
462 918 566 978 Graias
588 929 765 994 nostrasque
786 919 878 979 habet
898 919 979 980 orbis
1001 920 1142 991 Athenas,
1219 943 1266 978 110

260 1017 357 1076 Gallia
377 1016 545 1076 causidicos
566 1017 669 1076 docuit
690 1019 821 1076 facunda
842 1016 1010 1092 Britannos,

260 1114 298 1173 de
320 1115 519 1174 conducendo
540 1112 672 1189 loquitur
692 1112 751 1172 iam
772 1114 889 1174 rhetore
910 1115 1014 1191 Thyle.

260 1209 369 1269 nobilis
390 1210 440 1269 ille
462 1222 562 1270 tamen
583 1213 711 1289 populus
733 1230 824 1285 quem
846 1211 983 1284 diximus,
1006 1222 1036 1271 et
1056 1230 1110 1288 par

265 1306 369 1366 virtute
389 1318 478 1383 atque
499 1308 559 1368 fide
580 1309 633 1368 sed
655 1307 748 1368 maior
770 1310 856 1367 clade
877 1310 1045 1386 Zacynthos

261 1407 320 1463 tale
342 1405 414 1481 quid
436 1416 573 1467 excusat:
603 1406 759 1466 Maeotide
781 1406 896 1467 saevior
915 1427 965 1466 ara

261 1507 421 1581 Aegyptos
466 1504 579 1581 quippe
600 1505 650 1563 illa
670 1506 793 1565 nefandi
814 1506 942 1565 Taurica
962 1505 1036 1566 sacri

260 1600 405 1661 inventrix
426 1601 637 1662 homines-ut
658 1603 716 1661 iam
739 1622 816 1680 quae
837 1603 968 1662 carmina
990 1604 1119 1675 tradunt,

260 1697 350 1775 digna
370 1699 430 1757 lide
451 1700 711 1758 credas—tantum
732 1698 878 1772 immolat,
900 1699 1021 1760 ulterius
1041 1699 1084 1758 nil

262 1805 313 1853 aut
333 1794 449 1871 gravius
470 1797 565 1853 cultro
587 1794 671 1854 timet
692 1796 798 1856 hostia.
840 1794 908 1873 quis
929 1797 1021 1856 modo
1042 1814 1130 1855 casus

263 1892 369 1966 inpulit
390 1893 467 1951 hos?
495 1911 571 1968 quae
591 1903 675 1951 tanta
695 1893 789 1952 fames
810 1891 977 1970 infestaque
998 1895 1077 1953 vallo

262 2006 344 2045 arma
365 2000 526 2064 coegerunt
547 1999 608 2046 tam
630 1988 806 2048 detestabile
827 2001 993 2049 monstrum

263 2085 395 2143 audere?
422 2104 499 2144 anne
520 2084 608 2144 aliam
631 2096 708 2145 terra
730 2086 931 2163 Memphitide
953 2087 1031 2147 sicca

263 2181 406 2240 invidiam
428 2183 559 2241 facerent
580 2183 695 2242 nolenti
717 2203 834 2260 surgere
856 2185 950 2244 Nilo?

263 2299 322 2355 qua
342 2298 399 2337 nec
420 2278 563 2339 terribiles
585 2279 700 2340 Cimbri
722 2300 778 2339 nec
801 2281 948 2342 Brittones
969 2302 1114 2358 umquam

264 2377 515 2451 Sauromataeque
537 2387 634 2436 truces
656 2387 706 2436 aut
727 2376 863 2438 inmanes
884 2379 1048 2456 Agathyrsi,

265 2474 322 2532 hac
343 2472 435 2532 saevit
458 2473 540 2533 rabie
561 2473 671 2535 inbelle
692 2486 723 2535 et
743 2475 848 2534 inutile
869 2478 983 2553 vulgus,

264 2573 386 2646 parvula
406 2572 546 2632 fictilibus
568 2573 687 2632 solitum
709 2575 780 2633 dare
803 2575 867 2632 vela
888 2574 1017 2649 phaselis

265 2680 295 2728 et
316 2669 455 2729 brevibus
475 2670 574 2746 pictae
595 2670 683 2730 remis
704 2670 878 2731 incumbere
900 2683 999 2732 testae.

265 2784 321 2824 nec
342 2785 471 2840 poenam
494 2768 595 2824 sceleri
617 2766 752 2826 invenies
773 2787 830 2826 nec
852 2768 941 2844 digna
962 2769 1080 2844 parabis

266 2861 409 2940 supplicia
429 2861 474 2920 his
495 2861 623 2937 populis,
646 2862 677 2920 in
698 2881 823 2937 quorum
846 2875 945 2923 mente
965 2883 1050 2940 pares
1072 2877 1141 2924 sunt

267 2971 296 3018 et
317 2958 427 3019 similes
449 2958 491 3017 ira
512 2971 602 3034 atque
623 2962 725 3019 fames.
768 2959 942 3020 mollissima
963 2963 1053 3021 corda

266 3061 398 3118 humano
419 3055 521 3134 generi
542 3059 613 3118 dare
634 3077 666 3118 se
687 3070 795 3117 natura
814 3061 930 3132 latetur,

268 3176 345 3234 quae
366 3155 502 3214 lacrimas
524 3154 626 3229 dedit;
653 3156 728 3215 haec
749 3154 842 3215 nostri
863 3176 931 3232 pars
953 3156 1065 3232 optima
1086 3178 1197 3218 sensus.

267 3256 382 3330 plorare
404 3271 474 3328 ergo
495 3251 578 3311 iubet
598 3272 719 3312 causam
739 3253 867 3313 dicentis
888 3253 975 3312 amici

268 3352 496 3427 squaloremque
517 3348 568 3426 rei,
589 3351 736 3426 pupillum
756 3351 795 3410 ad
817 3350 880 3410 iura
900 3361 1058 3411 vocantem
1223 3377 1268 3429 135

435 3584 484 3636 107
517 3569 605 3622 omnia
615 3569 718 3638 quidam
729 3569 769 3620 P:
786 3571 878 3628 omnia,
890 3572 1012 3636 quaedam
1022 3580 1058 3635 po

424 3673 473 3722 ¹¹4
509 3657 658 3726 Zacynthos
670 3659 711 3710 P:
730 3657 879 3726 Zaghuntus
894 3656 927 3704 T:
948 3655 961 3660 “
1090 3669 1107 3697 u
