2992 4134
539 346 649 395 LIBER
672 346 709 396 11.
732 346 877 397 SATVRA
898 345 946 395 Vl.

240 492 277 552 nil
297 493 387 570 pueri
408 491 531 566 faciunt,
553 491 649 568 ipsam
669 491 809 569 configite
830 489 971 550 matrem'

240 589 394 667 Amphion
417 591 545 666 clamat3
571 589 625 649 sed
646 591 746 649 Paean
768 587 916 649 contrahit
937 607 1045 648 arcum.

240 688 344 748 extulit
366 707 438 765 ergo
459 705 563 766 greges
583 696 721 746 natorum
743 685 903 764 ipsumque
923 696 1086 764 parentem,
1198 706 1240 757 ¹75

240 787 310 845 dum
333 784 396 845 sibi
416 784 546 846 nobilior
567 785 702 845 Latonae
722 795 812 860 gente
832 783 948 843 videtur

239 895 329 961 atque
353 883 462 944 eadem
483 884 579 943 scrofa
600 881 700 942 Niobe
721 879 878 941 fecundior
897 882 973 940 alba.

240 1001 318 1058 quae
339 979 419 1040 tanti
437 979 572 1058 gravitas,
595 998 672 1056 quae
692 980 795 1048 sonna,
817 989 850 1038 ut
871 997 904 1037 se
923 977 978 1037 tibi
999 997 1115 1055 semper

239 1077 393 1154 imputet?
420 1074 507 1137 huius
529 1075 608 1136 enirn
629 1073 685 1134 rari
706 1074 875 1150 summique
896 1076 1032 1152 voluptas

239 1177 325 1235 nulla
345 1172 429 1246 boni,
451 1171 590 1250 quotiens
611 1171 713 1233 animo
733 1182 873 1248 corrupta
893 1172 1021 1248 superbo
1200 1181 1245 1229 180

239 1275 310 1349 plus
331 1273 415 1333 aloes
435 1290 527 1349 quam
548 1270 643 1331 mellis
663 1270 763 1330 habet.
807 1269 873 1346 quis
894 1267 1014 1329 deditus
1035 1279 1134 1328 autem

241 1388 340 1445 usque
361 1370 439 1429 adeo
460 1378 513 1440 est,
534 1380 650 1429 utnon
671 1367 752 1426 illam
775 1386 863 1442 quam
884 1366 1022 1425 laudibus
1043 1368 1135 1436 elien,

241 1469 365 1526 horreat
385 1465 476 1542 inque
497 1464 578 1526 diem
599 1466 730 1543 septenis
752 1463 847 1525 oderit
869 1463 970 1522 horis?

284 1563 436 1639 quaedam
457 1581 548 1640 parva
567 1561 699 1638 quidem,
722 1563 776 1621 sed
798 1580 860 1620 non
881 1558 1035 1618 toleranda
1056 1557 1174 1615 maritis.

246 1681 316 1720 nam
338 1659 413 1737 quid
432 1659 592 1732 rancidius,
614 1678 703 1736 quam
725 1658 808 1735 quod
830 1677 861 1717 se
883 1675 943 1716 non
966 1666 1052 1732 putat
1073 1656 1133 1714 ulla
1201 1664 1244 1725 185

246 1759 409 1818 formosam
430 1758 487 1818 nisi
507 1777 585 1834 quae
604 1758 643 1818 de
664 1759 764 1816 Tusca
785 1756 933 1815 Graecula
952 1755 1030 1812 sacta
1051 1763 1104 1826 est,

247 1857 285 1916 de
307 1855 497 1916 Sulmonensi
518 1875 599 1916 mera
620 1853 785 1931 Cecropis?
813 1851 915 1912 omnia
935 1870 1049 1928 graece,

247 1973 318 2012 cum
340 1953 378 2013 sit
399 1964 483 2032 turpe
505 1953 597 2030 magis
620 1951 726 2011 nostris
747 1949 861 2010 nescire
883 1948 992 2022 latine3

248 2052 307 2112 hoc
328 2070 465 2112 sermone
486 2061 603 2128 pavent,
626 2051 685 2110 hoc
705 2049 779 2108 iram
800 2047 909 2124 gaudia
930 2067 1023 2118 curm,

248 2149 307 2208 hoc
327 2158 437 2209 cuncta
456 2148 611 2208 effundunt
633 2145 726 2206 animi
746 2157 860 2206 secreta
880 2147 1011 2204 Latinae.
1202 2166 1248 2213 190

289 2246 314 2305 si
335 2245 390 2306 tibi
410 2244 547 2323 legitimis
569 2254 688 2321 pactam
709 2243 901 2319 iunctamque
923 2241 1038 2301 tabellis
1200 2264 1248 2298 200

249 2363 310 2403 non
333 2363 365 2402 es
386 2356 544 2414 amaturus,
566 2341 698 2402 ducendi
718 2342 800 2400 nulla
818 2339 936 2398 videtur

250 2460 349 2513 causa,
371 2460 427 2500 nec
448 2451 493 2500 est
513 2460 604 2517 quare
625 2457 731 2498 cenam
753 2447 783 2495 et
804 2448 955 2494 mustacea
976 2437 1082 2512 perdas

249 2534 372 2598 labente
392 2537 489 2598 officio
510 2536 609 2597 crudis
630 2534 862 2606 donandainec
883 2531 956 2591 illud

249 2636 334 2712 quod
356 2633 450 2712 prima
469 2653 522 2711 pro
544 2643 633 2691 nocte
654 2631 750 2702 datur,
773 2647 842 2689 cum
864 2631 949 2689 lance
970 2631 1058 2689 beata

250 2731 381 2792 Dacicus
402 2742 431 2791 et
452 2730 562 2807 scripto
583 2728 677 2789 radiat
699 2728 894 2788 Germanicus
916 2747 996 2788 auro.
1201 2749 1247 2799 205

250 2830 275 2889 si
297 2828 351 2888 tibi
372 2828 545 2906 simplicitas
565 2827 677 2900 uxoria,
700 2825 818 2886 deditus
839 2825 891 2885 uni

250 2938 295 2986 est
316 2925 440 2998 animus,
463 2923 615 2985 summitte
636 2933 726 3001 caput
746 2921 863 2982 cervice
883 2933 985 3000 parata

250 3027 326 3084 ferre
346 3021 455 3098 iugum.
499 3023 610 3080 nullam
632 3019 765 3080 invenies
787 3039 864 3096 quae
885 3031 986 3097 parcat
1006 3016 1135 3092 amanti;

250 3121 353 3180 ardeat
374 3119 437 3197 ipsa
458 3119 536 3191 licet,
558 3117 714 3179 tormentis
734 3118 844 3195 gaudet
866 3115 992 3175 amantis

251 3230 281 3279 et
302 3215 423 3294 spoliis3
451 3216 539 3293 igitur
558 3216 647 3292 longe
668 3215 766 3273 minus
786 3213 865 3273 utilis
886 3212 928 3272 illi

251 3334 335 3387 uxor,
356 3313 489 3391 quisquis
511 3313 565 3373 erit
586 3313 683 3373 bonus
703 3312 915 3388 optandusque
936 3309 1066 3369 maritus.

252 3411 295 3470 nil
314 3430 458 3488 umquam
479 3410 571 3470 invita
591 3409 717 3471 donabis
738 3407 875 3484 coniuge,
898 3407 1008 3467 vendes

252 3509 309 3568 hac
330 3519 468 3586 opstante
489 3506 571 3580 nihil,
593 3505 667 3567 nihil
686 3508 763 3566 haec
783 3504 810 3564 si
829 3506 912 3564 nolet
932 3515 1055 3563 emetur.

475 3637 522 3685 ²¹3
555 3621 635 3682 nolet]
652 3620 730 3670 nollet
740 3620 779 3668 P:
796 3617 860 3667 nolit
874 3618 910 3669 Tr
927 3617 999 3666 nollit
1007 3623 1027 3680 p

334 3737 361 3776 u,
381 3735 405 3788 J,
