2992 4134
293 355 336 403 20
691 357 890 408 IVVENALIS

293 504 430 580 Pegasus,
452 503 595 565 attonitae
615 504 730 582 positus
752 509 844 567 modo
865 506 968 567 vilicus
989 507 1063 567 urbi.

292 619 370 660 anne
390 601 470 661 aliud
493 614 554 662 tum
576 605 738 681 praefecti?
767 625 893 682 quorum
915 605 1046 683 optimus
1067 617 1155 682 atque

291 697 435 776 interpres
456 703 552 778 legum
575 703 777 763 sanctissimus
799 703 900 763 omnia
921 724 1101 782 quamquam

291 798 474 876 temporibus
495 800 564 860 diris
587 803 740 863 tractanda
761 805 887 878 putabat
907 803 1011 862 inermi

291 895 407 957 iustitia.
450 897 531 959 venit
551 912 581 959 et
603 900 700 978 Crispi
721 900 853 961 iucunda
874 913 1020 974 senectus,

291 994 374 1053 cuius
395 1006 477 1055 erant
497 1015 595 1074 mores
616 997 709 1073 qualis
730 998 877 1068 facundia,
901 998 972 1058 mite

291 1089 450 1167 ingenium.
493 1091 584 1152 maria
605 1114 640 1153 ac
661 1105 751 1155 terras
772 1098 959 1174 populosque
979 1099 1091 1174 regenti

291 1189 356 1264 quis
377 1208 478 1249 comes
498 1189 605 1264 utilior,
627 1191 651 1250 si
672 1194 759 1252 clade
780 1203 809 1252 et
831 1207 914 1270 peste
935 1196 990 1253 sub
1011 1194 1061 1253 illa

291 1287 441 1347 saevitiam
464 1288 604 1350 damnare
626 1302 656 1350 et
676 1291 835 1351 honestum
856 1292 969 1352 adferre
991 1290 1092 1352 liceret

216 1407 218 1410 ·
290 1386 469 1445 consilium?
496 1389 549 1448 sed
571 1389 644 1464 quid
664 1389 821 1449 violentius
842 1409 911 1449 aure
933 1392 1055 1467 tyranni,

289 1503 358 1543 cum
379 1503 440 1560 quo
460 1485 499 1545 de
520 1485 626 1562 pluviis
647 1498 697 1545 aut
718 1485 848 1546 aestibus
869 1499 919 1547 aut
941 1487 1078 1547 nimboso

288 1603 357 1645 vere
377 1582 502 1644 locuturi
522 1585 615 1643 satum
636 1586 789 1661 pendebat
809 1584 918 1644 amici?

288 1681 337 1743 ille
357 1681 443 1760 igitur
464 1702 628 1759 numquam
650 1683 764 1743 derexit
784 1682 922 1744 bracchia
942 1695 1046 1744 contra

288 1790 456 1848 torrentem,
478 1798 534 1839 nec
555 1779 627 1839 civis
648 1791 709 1840 erat
730 1779 782 1856 qui
802 1779 894 1840 libera
914 1792 1014 1857 posset

287 1878 377 1937 verba
397 1876 488 1936 animi
509 1879 637 1954 proferre
658 1890 688 1937 et
709 1878 801 1937 vitam
823 1877 985 1955 inpendere
1007 1899 1082 1939 vero.

287 1972 330 2032 sic
350 1975 458 2032 multas
478 1973 592 2034 hiemes
612 1985 701 2051 atque
723 1973 926 2050 octogensima
945 1975 1019 2035 vidit

287 2069 419 2144 solstitia,
441 2069 488 2130 his
508 2073 596 2131 armis
617 2072 667 2131 illa
687 2090 807 2148 quoque
829 2082 908 2130 tutus
930 2072 959 2131 in
981 2075 1055 2131 aula.

287 2167 437 2244 proximus
458 2167 591 2228 eiusdem
612 2173 792 2245 properabat
812 2170 925 2229 Acilius
947 2171 1012 2230 aevi

286 2285 354 2325 cum
375 2264 481 2325 iuvene
502 2265 625 2342 indigno
645 2285 736 2343 quem
758 2286 836 2326 mors
858 2278 919 2326 tam
941 2288 1030 2328 saeva
1051 2280 1182 2328 maneret
1254 2289 1285 2342 95

286 2374 316 2422 et
336 2363 450 2422 domini
471 2362 576 2441 gladiis
597 2375 657 2423 tam
679 2363 836 2442 festinata;
864 2367 917 2426 sed
939 2366 1009 2426 olim

285 2461 422 2539 prodigio
442 2481 495 2538 par
515 2474 559 2522 est
580 2461 611 2521 in
632 2462 790 2522 nobilitate
812 2476 956 2538 senectus,

285 2560 364 2620 unde
384 2562 417 2618 fit
438 2571 469 2619 ut
490 2559 591 2619 malim
611 2562 783 2620 fraterculus
805 2579 868 2621 esse
889 2561 1023 2639 gigantis.

285 2657 393 2733 profuit
414 2677 483 2735 ergo
504 2657 576 2717 nihil
598 2657 714 2730 miser0,
738 2660 820 2733 quod
842 2659 977 2720 cominus
999 2680 1080 2720 ursos

285 2757 394 2831 figebat
416 2755 564 2814 Numidas
585 2756 704 2814 Albana
724 2756 822 2813 nudus
843 2756 954 2815 harena

284 2865 414 2914 venator.
458 2853 524 2929 quis
545 2852 625 2912 enim
646 2851 705 2910 iam
727 2871 789 2910 non
810 2851 963 2929 intellegat
984 2865 1061 2912 artes

283 2951 441 3029 patricias?
469 2950 535 3026 quis
556 2949 684 3026 priscum
706 2951 779 3008 illud
801 2950 922 3010 miratur
943 2971 1076 3023 acumen,

284 3049 381 3117 Brute,
404 3048 509 3105 tuum?
536 3043 622 3103 facile
643 3054 688 3103 est
709 3044 834 3103 barbato
855 3045 997 3122 inponere
1017 3045 1084 3122 regi.

282 3164 338 3204 nec
360 3143 463 3202 melior
483 3144 566 3203 vultu
587 3141 722 3218 quamvis
743 3141 881 3218 ignobilis
902 3143 964 3202 ibat

284 3240 422 3314 Rubrius,
446 3243 576 3301 offensae
597 3240 704 3300 veteris
724 3260 791 3301 reus
811 3252 901 3317 atque
923 3242 1075 3313 tacendae,
1238 3264 1283 3316 ¹05

283 3348 312 3397 et
332 3348 432 3397 tamen
455 3337 606 3413 inprobior
628 3349 755 3398 saturam
777 3339 924 3398 scribente
945 3340 1078 3398 cinaedo.

283 3436 421 3495 Montani
443 3455 563 3512 quoque
584 3449 686 3499 venter
706 3437 793 3497 adest
814 3434 976 3496 abdomine
998 3438 1106 3509 tardus,

599 3639 629 3699 83
663 3635 757 3698 regenti
761 3643 815 3699 pu:
833 3636 929 3699 gerenti
941 3635 967 3684 P
