2992 4134
528 341 638 406 muira
662 357 693 406 ν.
717 356 861 407 sarvah
885 357 958 407 xrv.
1182 357 1240 421 103

239 515 272 564 et
293 503 345 581 qui
366 525 419 581 per
439 504 556 564 fraudes
577 503 756 581 patrimonia
777 501 988 579 conduplicari,

240 603 294 661 dat
315 602 481 662 libertatern
503 612 533 661 et
552 612 631 661 totas
653 599 779 661 effundit
800 601 931 661 habenas
1190 599 1242 670 '230

240 699 395 770 curriculo,
418 718 508 775 quem
529 699 554 758 si
574 717 706 769 revoces,
728 697 888 757 subsistere
909 694 1003 756 nescit

240 804 271 853 et
292 806 321 853 te
343 807 517 871 contempto
538 794 651 871 rapitur
672 795 819 870 metisque
840 791 956 853 relictis.

240 910 332 950 nemo
354 891 424 951 satis
445 892 548 964 credit,
571 902 686 951 tantum
707 890 880 967 delinquere
900 899 1045 965 quantum

239 988 411 1064 permittas;
439 990 516 1050 adeo
537 989 691 1065 indulgent
711 987 767 1048 sibi
789 987 875 1048 latius
895 987 960 1064 ipsi

240 1105 309 1144 curn
332 1085 406 1145 dicis
427 1086 525 1146 iuveni
546 1087 678 1157 stultum,
701 1086 751 1161 qui
774 1086 866 1145 donet
882 1084 992 1157 amico,
1193 1104 1240 1158 235

240 1183 293 1258 qui
313 1194 517 1260 paupertatem
539 1185 616 1244 levet
636 1185 812 1259 attollatque
833 1182 1000 1259 propinqui,

242 1290 272 1339 et
293 1282 419 1358 spoliare
440 1283 532 1342 doces
552 1293 582 1341 et
604 1280 842 1341 circumscribere
864 1291 893 1340 et
915 1279 998 1340 omni

240 1376 363 1438 crimine
384 1379 501 1439 divitias
522 1378 686 1456 adquirere,
710 1397 834 1455 quarum
856 1397 940 1437 amor
960 1379 990 1436 in
1011 1389 1042 1438 te

241 1486 370 1550 quantus
392 1487 453 1535 erat
473 1475 585 1552 patriae
608 1475 769 1534 Deciorum
791 1472 821 1533 in
842 1485 973 1552 pectore,
996 1485 1140 1552 quantum

241 1572 343 1633 dilexit
364 1574 494 1645 Thebas,
517 1572 542 1632 si
563 1571 689 1632 Graecia
708 1591 786 1645 vera,
810 1573 1002 1645 Menoeceus,
1192 1595 1240 1644 240

241 1667 271 1726 in
294 1687 419 1744 quorum
441 1668 531 1728 sulcis
551 1668 682 1746 legiones
704 1667 844 1728 dentibus
865 1666 968 1745 anguis

241 1785 310 1826 cum
331 1765 432 1843 clipeis
453 1778 614 1826 nascuntur
635 1778 665 1826 et
685 1766 805 1825 horrida
825 1766 903 1825 bella
923 1775 1081 1842 capessunt

236 1862 394 1935 continuo,
417 1874 568 1939 tamquam
589 1874 619 1924 et
640 1862 762 1923 tubicen
783 1861 938 1921 surrexerit
958 1881 1026 1921 una.

240 1978 310 2036 ergo
331 1958 429 2036 ignem
451 1959 534 2019 cuius
555 1959 697 2019 scintillas
718 1961 781 2035 ipse
802 1958 919 2031 dedisti,

240 2058 413 2133 flagrantem
434 2059 493 2117 late
513 2069 543 2118 et
564 2057 729 2134 rapientem
752 2069 860 2116 cuncta
880 2057 1003 2117 videbis.
1193 2079 1239 2131 ²45

241 2173 298 2213 nec
318 2153 371 2213 tibi
392 2167 529 2230 parcetur
551 2155 669 2227 misem,
691 2157 899 2232 trepidumque
920 2155 1093 2233 magistrum

233 2250 272 2310 in
293 2270 382 2310 cavea
402 2271 511 2328 magno
533 2252 649 2312 fremitu
671 2254 719 2313 leo
741 2254 824 2313 tollet
845 2255 988 2312 alumnus.

242 2360 311 2407 nota
333 2349 547 2410 mathematicis
568 2348 684 2426 genesis
704 2361 763 2423 tua,
786 2351 839 2409 sed
859 2370 947 2428 grave
968 2352 1067 2409 tardas

241 2459 397 2523 expectare
417 2450 519 2525 colus3
547 2448 680 2509 morieris
702 2449 829 2508 stamine
851 2451 987 2508 nondum

241 2546 377 2622 abrupto.
420 2545 478 2604 iarn
500 2566 580 2605 nunc
601 2548 703 2606 obstas
724 2557 755 2606 et
775 2557 845 2606 vota
867 2545 996 2620 morariS,
1193 2565 1240 2619 ²50

241 2642 299 2700 iam
322 2652 438 2718 torquet
459 2640 596 2703 iuvenem
618 2645 708 2720 longa
728 2653 758 2702 et
779 2642 897 2703 cervina
917 2653 1061 2702 senectus.

241 2737 324 2798 ocius
346 2737 544 2816 Archigenem
567 2759 676 2814 quaere
696 2750 787 2816 atque
808 2758 874 2798 erne
896 2739 975 2816 quod
1000 2738 1186 2798 Mithridates

241 2834 409 2911 composuit
419 2857 428 2909 ς
455 2836 480 2895 si
500 2837 544 2895 vis
565 2839 654 2896 aliam
675 2839 835 2913 decerpere
856 2838 945 2896 ficum

241 2946 331 3008 atque
352 2932 423 2991 alias
445 2942 569 2993 tractare
590 2953 680 3005 rosas,
704 2932 890 2994 medicamen
913 2934 1083 2993 habendum
1106 2943 1158 3005 est,

242 3032 360 3090 sorbere
381 3041 451 3089 ante
472 3029 573 3090 cibum
594 3031 675 3105 quod
698 3030 807 3089 debeat
828 3040 858 3088 et
878 3040 961 3104 pater
983 3040 1012 3088 et
1033 3029 1101 3088 rex?
1193 3049 1239 3102 255

282 3138 415 3187 monstro
436 3128 620 3202 voluptatem
641 3127 797 3203 egregiam,
820 3124 867 3184 cui
888 3127 969 3184 nulla
989 3126 1111 3200 theatra,

241 3225 322 3283 nulla
342 3242 469 3299 aequare
490 3242 582 3299 queas
603 3223 745 3299 praetoris
767 3221 880 3297 pulpita
901 3221 980 3292 lauti,

240 3321 265 3381 si
287 3332 402 3397 spectes
424 3332 536 3398 quanto
557 3319 664 3396 capitis
685 3317 854 3378 discrimine
876 3328 1014 3377 constent

240 3418 424 3478 incrementa
444 3420 559 3491 domus,
582 3428 681 3478 aerata
702 3418 812 3476 multus
833 3415 864 3474 in
885 3435 952 3475 arca

413 3633 461 3686 ²²9
494 3619 665 3686 conduplicari
677 3619 734 3667 Pu:
752 3618 927 3687 conduplicare
938 3631 1000 3670 somr
