<?xml version="1.0" encoding="UTF-8"?>
<!DOCTYPE html PUBLIC "-//W3C//DTD XHTML 1.0 Transitional//EN"
    "http://www.w3.org/TR/xhtml1/DTD/xhtml1-transitional.dtd">
<html xmlns="http://www.w3.org/1999/xhtml" xml:lang="en" lang="en">
 <head>
  <title>
</title>
<meta http-equiv="Content-Type" content="text/html;charset=utf-8" />
  <meta name='ocr-system' content='tesseract 3.04.00' />
  <meta name='ocr-capabilities' content='ocr_page ocr_carea ocr_par ocr_line ocrx_word'/>
</head>
<body>
  <div class='ocr_page' id='page_1' title='image "./satvraexivfourt00duffgoog/satvraexivfourt00duffgoog_0072.png"; bbox 0 0 2992 4134; ppageno 0'>
   <div class='ocr_carea' id='block_1_1' title="bbox 262 372 856 424">
    <p class='ocr_par' dir='ltr' id='par_1_1' title="bbox 262 372 856 424">
     <span class='ocr_line' id='line_1_1' title="bbox 262 372 856 424; baseline -0.007 3"><span class='ocrx_word' id='word_1_1' title='bbox 262 372 300 418; x_wconf 86' lang='lat'>10</span> <span class='ocrx_word' id='word_1_2' title='bbox 656 372 856 424; x_wconf 84' lang='lat' dir='ltr'>IVVENALIS</span> 
     </span>
    </p>
   </div>
   <div class='ocr_carea' id='block_1_2' title="bbox 199 518 1289 3528">
    <p class='ocr_par' dir='ltr' id='par_1_2' title="bbox 199 518 1289 3528">
     <span class='ocr_line' id='line_1_2' title="bbox 262 518 1012 598; baseline 0.009 -21"><span class='ocrx_word' id='word_1_3' title='bbox 262 518 397 580; x_wconf 90' lang='lat' dir='ltr'>Herculis</span> <span class='ocrx_word' id='word_1_4' title='bbox 418 523 567 580; x_wconf 85' lang='lat' dir='ltr'>Antaeum</span> <span class='ocrx_word' id='word_1_5' title='bbox 588 524 692 598; x_wconf 85' lang='lat' dir='ltr'>procul</span> <span class='ocrx_word' id='word_1_6' title='bbox 713 543 731 582; x_wconf 94' lang='lat' dir='ltr'>a</span> <span class='ocrx_word' id='word_1_7' title='bbox 752 525 855 584; x_wconf 90' lang='lat' dir='ltr'>tellure</span> <span class='ocrx_word' id='word_1_8' title='bbox 877 525 1012 598; x_wconf 89' lang='lat' dir='ltr'>tenentis,</span> 
     </span>
     <span class='ocr_line' id='line_1_3' title="bbox 258 610 1009 697; baseline 0.009 -23"><span class='ocrx_word' id='word_1_9' title='bbox 258 614 376 689; x_wconf 79' lang='lat' dir='ltr'>miratur</span> <span class='ocrx_word' id='word_1_10' title='bbox 396 637 502 678; x_wconf 91' lang='lat' dir='ltr'>vocem</span> <span class='ocrx_word' id='word_1_11' title='bbox 522 632 687 696; x_wconf 87' lang='lat' dir='ltr'>angustam,</span> <span class='ocrx_word' id='word_1_12' title='bbox 709 641 769 697; x_wconf 88' lang='lat' dir='ltr'>qua</span> <span class='ocrx_word' id='word_1_13' title='bbox 790 623 918 682; x_wconf 90' lang='lat' dir='ltr'>deterius</span> <span class='ocrx_word' id='word_1_14' title='bbox 939 610 1009 684; x_wconf 83' lang='lat' dir='ltr'>iiec.</span> 
     </span>
     <span class='ocr_line' id='line_1_4' title="bbox 241 712 942 801; baseline 0.01 -28"><span class='ocrx_word' id='word_1_15' title='bbox 241 712 412 794; x_wconf 68' lang='lat' dir='ltr'>·jlle&#39;sonat</span> <span class='ocrx_word' id='word_1_16' title='bbox 433 712 493 793; x_wconf 83' lang='lat' dir='ltr'>quo</span> <span class='ocrx_word' id='word_1_17' title='bbox 502 719 665 778; x_wconf 83' lang='lat' dir='ltr'>mordetur</span> <span class='ocrx_word' id='word_1_18' title='bbox 684 719 794 801; x_wconf 88' lang='lat' dir='ltr'>gallina</span> <span class='ocrx_word' id='word_1_19' title='bbox 815 720 942 800; x_wconf 58' lang='lat' dir='ltr'>into?</span> 
     </span>
     <span class='ocr_line' id='line_1_5' title="bbox 257 812 1069 890; baseline 0.001 -20"><span class='ocrx_word' id='word_1_20' title='bbox 257 812 332 871; x_wconf 88' lang='lat' dir='ltr'>haec</span> <span class='ocrx_word' id='word_1_21' title='bbox 352 814 458 872; x_wconf 90' lang='lat' dir='ltr'>eadem</span> <span class='ocrx_word' id='word_1_22' title='bbox 477 812 548 874; x_wconf 92' lang='lat' dir='ltr'>licet</span> <span class='ocrx_word' id='word_1_23' title='bbox 568 825 598 874; x_wconf 95' lang='lat' dir='ltr'>et</span> <span class='ocrx_word' id='word_1_24' title='bbox 619 816 707 875; x_wconf 93' lang='lat' dir='ltr'>nobis</span> <span class='ocrx_word' id='word_1_25' title='bbox 727 812 857 890; x_wconf 57' lang='lat' dir='ltr'>laudata</span> <span class='ocrx_word' id='word_1_26' title='bbox 880 819 932 877; x_wconf 93' lang='lat' dir='ltr'>sed</span> <span class='ocrx_word' id='word_1_27' title='bbox 954 818 1010 877; x_wconf 88' lang='lat' dir='ltr'>illis</span> <span class='ocrx_word' id='word_1_28' title='bbox 1067 865 1069 871; x_wconf 92' lang='lat'>.</span> 
     </span>
     <span class='ocr_line' id='line_1_6' title="bbox 256 909 1144 997; baseline 0.007 -29"><span class='ocrx_word' id='word_1_29' title='bbox 256 909 392 995; x_wconf 82' lang='lat' dir='ltr'>creditur.</span> <span class='ocrx_word' id='word_1_30' title='bbox 435 929 474 987; x_wconf 82' lang='lat' dir='ltr'>an</span> <span class='ocrx_word' id='word_1_31' title='bbox 488 911 607 997; x_wconf 78' lang='lat' dir='ltr'>melior,</span> <span class='ocrx_word' id='word_1_32' title='bbox 629 933 696 972; x_wconf 91' lang='lat' dir='ltr'>cum</span> <span class='ocrx_word' id='word_1_33' title='bbox 718 913 837 972; x_wconf 84' lang='lat' dir='ltr'>Thaida</span> <span class='ocrx_word' id='word_1_34' title='bbox 856 913 982 973; x_wconf 86' lang='lat' dir='ltr'>sustinet</span> <span class='ocrx_word' id='word_1_35' title='bbox 1003 926 1054 973; x_wconf 92' lang='lat' dir='ltr'>aut</span> <span class='ocrx_word' id='word_1_36' title='bbox 1075 935 1144 974; x_wconf 93' lang='lat' dir='ltr'>cum</span> 
     </span>
     <span class='ocr_line' id='line_1_7' title="bbox 231 1002 951 1093; baseline 0.006 -28"><span class='ocrx_word' id='word_1_37' title='bbox 231 1088 233 1093; x_wconf 28' lang='grc' dir='ltr'>Ι</span> <span class='ocrx_word' id='word_1_38' title='bbox 257 1012 384 1067; x_wconf 81' lang='lat' dir='ltr'>uxorem·</span> <span class='ocrx_word' id='word_1_39' title='bbox 400 1009 563 1068; x_wconf 88' lang='lat' dir='ltr'>comoedus</span> <span class='ocrx_word' id='word_1_40' title='bbox 584 1009 643 1086; x_wconf 86' lang='lat' dir='ltr'>agit</span> <span class='ocrx_word' id='word_1_41' title='bbox 664 1002 710 1068; x_wconf 78' lang='lat' dir='ltr'>vel</span> <span class='ocrx_word' id='word_1_42' title='bbox 734 1010 848 1069; x_wconf 93' lang='lat' dir='ltr'>Dorida</span> <span class='ocrx_word' id='word_1_43' title='bbox 868 1012 951 1069; x_wconf 92' lang='lat' dir='ltr'>nullo</span> 
     </span>
     <span class='ocr_line' id='line_1_8' title="bbox 256 1094 1256 1197; baseline 0.005 -34"><span class='ocrx_word' id='word_1_44' title='bbox 256 1102 367 1163; x_wconf 82' lang='lat' dir='ltr'>cultam</span> <span class='ocrx_word' id='word_1_45' title='bbox 388 1094 530 1182; x_wconf 82' lang='lat' dir='ltr'>palliolo?</span> <span class='ocrx_word' id='word_1_46' title='bbox 559 1106 663 1197; x_wconf 77' lang='lat' dir='ltr'>mulier</span> <span class='ocrx_word' id='word_1_47' title='bbox 684 1126 793 1184; x_wconf 87' lang='lat' dir='ltr'>nempe</span> <span class='ocrx_word' id='word_1_48' title='bbox 814 1107 877 1184; x_wconf 87' lang='lat' dir='ltr'>ipsa</span> <span class='ocrx_word' id='word_1_49' title='bbox 898 1106 1021 1180; x_wconf 88' lang='lat' dir='ltr'>videtur,</span> <span class='ocrx_word' id='word_1_50' title='bbox 1224 1132 1256 1186; x_wconf 81' lang='lat'>95</span> 
     </span>
     <span class='ocr_line' id='line_1_9' title="bbox 258 1199 588 1285; baseline 0.009 -27"><span class='ocrx_word' id='word_1_51' title='bbox 258 1216 320 1259; x_wconf 87' lang='lat' dir='ltr'>non</span> <span class='ocrx_word' id='word_1_52' title='bbox 340 1199 476 1285; x_wconf 77' lang='lat' dir='ltr'>persona,</span> <span class='ocrx_word' id='word_1_53' title='bbox 498 1203 588 1283; x_wconf 87' lang='lat' dir='ltr'>loqui.</span> 
     </span>
     <span class='ocr_line' id='line_1_10' title="bbox 280 1276 1016 1362; baseline 0.007 -5"><span class='ocrx_word' id='word_1_54' title='bbox 280 1314 315 1357; x_wconf 83' lang='lat' dir='ltr'>ec</span> <span class='ocrx_word' id='word_1_55' title='bbox 335 1308 435 1359; x_wconf 86' lang='lat' dir='ltr'>tamen</span> <span class='ocrx_word' id='word_1_56' title='bbox 449 1276 622 1360; x_wconf 82' lang='lat' dir='ltr'>¹Antiocirus</span> <span class='ocrx_word' id='word_1_57' title='bbox 642 1321 699 1361; x_wconf 88' lang='lat' dir='ltr'>nec</span> <span class='ocrx_word' id='word_1_58' title='bbox 720 1300 774 1360; x_wconf 93' lang='lat' dir='ltr'>erit</span> <span class='ocrx_word' id='word_1_59' title='bbox 795 1301 935 1362; x_wconf 91' lang='lat' dir='ltr'>mirabilis</span> <span class='ocrx_word' id='word_1_60' title='bbox 956 1303 1016 1362; x_wconf 91' lang='lat' dir='ltr'>illic</span> 
     </span>
     <span class='ocr_line' id='line_1_11' title="bbox 278 1374 1102 1460; baseline 0.008 -7"><span class='ocrx_word' id='word_1_61' title='bbox 278 1405 309 1453; x_wconf 89' lang='lat' dir='ltr'>ut</span> <span class='ocrx_word' id='word_1_62' title='bbox 329 1374 488 1457; x_wconf 74' lang='lat' dir='ltr'>Stratir’cles</span> <span class='ocrx_word' id='word_1_63' title='bbox 507 1409 557 1457; x_wconf 93' lang='lat' dir='ltr'>aut</span> <span class='ocrx_word' id='word_1_64' title='bbox 578 1418 646 1458; x_wconf 92' lang='lat' dir='ltr'>cum</span> <span class='ocrx_word' id='word_1_65' title='bbox 668 1400 750 1459; x_wconf 91' lang='lat' dir='ltr'>molli</span> <span class='ocrx_word' id='word_1_66' title='bbox 772 1400 941 1459; x_wconf 91' lang='lat' dir='ltr'>Demetrius</span> <span class='ocrx_word' id='word_1_67' title='bbox 965 1402 1102 1460; x_wconf 86' lang='lat' dir='ltr'>Haemo:</span> 
     </span>
     <span class='ocr_line' id='line_1_12' title="bbox 278 1475 1258 1567; baseline 0.005 -17"><span class='ocrx_word' id='word_1_68' title='bbox 278 1488 341 1550; x_wconf 82' lang='lat' dir='ltr'>atio</span> <span class='ocrx_word' id='word_1_69' title='bbox 361 1494 507 1553; x_wconf 92' lang='lat' dir='ltr'>comoeda</span> <span class='ocrx_word' id='word_1_70' title='bbox 526 1506 579 1554; x_wconf 90' lang='lat' dir='ltr'>est.</span> <span class='ocrx_word' id='word_1_71' title='bbox 622 1494 715 1567; x_wconf 83' lang='lat' dir='ltr'>rides,.</span> <span class='ocrx_word' id='word_1_72' title='bbox 731 1495 841 1554; x_wconf 90' lang='lat' dir='ltr'>maiore</span> <span class='ocrx_word' id='word_1_73' title='bbox 863 1496 1009 1554; x_wconf 87' lang='lat' dir='ltr'>cachinno</span> <span class='ocrx_word' id='word_1_74' title='bbox 1144 1475 1148 1484; x_wconf 36' lang='grc' dir='ltr'>Ι</span> <span class='ocrx_word' id='word_1_75' title='bbox 1211 1520 1258 1555; x_wconf 91' lang='lat'>100</span> 
     </span>
     <span class='ocr_line' id='line_1_13' title="bbox 266 1589 1025 1668; baseline 0.003 -21"><span class='ocrx_word' id='word_1_76' title='bbox 266 1589 442 1665; x_wconf 77' lang='lat' dir='ltr'>:oncutitu13</span> <span class='ocrx_word' id='word_1_77' title='bbox 470 1592 530 1666; x_wconf 87' lang='lat' dir='ltr'>flet,</span> <span class='ocrx_word' id='word_1_78' title='bbox 551 1591 576 1652; x_wconf 90' lang='lat' dir='ltr'>si</span> <span class='ocrx_word' id='word_1_79' title='bbox 597 1592 731 1652; x_wconf 84' lang='lat' dir='ltr'>lacrimas</span> <span class='ocrx_word' id='word_1_80' title='bbox 752 1595 908 1668; x_wconf 86' lang='lat' dir='ltr'>conspexit</span> <span class='ocrx_word' id='word_1_81' title='bbox 928 1591 1025 1663; x_wconf 89' lang='lat' dir='ltr'>amici,</span> 
     </span>
     <span class='ocr_line' id='line_1_14' title="bbox 258 1688 1138 1767; baseline 0.007 -25"><span class='ocrx_word' id='word_1_82' title='bbox 258 1700 317 1745; x_wconf 89' lang='lat' dir='ltr'>nec</span> <span class='ocrx_word' id='word_1_83' title='bbox 337 1688 436 1764; x_wconf 80' lang='lat' dir='ltr'>dolet3</span> <span class='ocrx_word' id='word_1_84' title='bbox 463 1688 623 1766; x_wconf 84' lang='lat' dir='ltr'>igniculum</span> <span class='ocrx_word' id='word_1_85' title='bbox 644 1693 767 1750; x_wconf 88' lang='lat' dir='ltr'>brumae</span> <span class='ocrx_word' id='word_1_86' title='bbox 788 1690 812 1750; x_wconf 93' lang='lat' dir='ltr'>si</span> <span class='ocrx_word' id='word_1_87' title='bbox 833 1702 967 1766; x_wconf 87' lang='lat' dir='ltr'>tempore</span> <span class='ocrx_word' id='word_1_88' title='bbox 988 1708 1102 1767; x_wconf 85' lang='lat' dir='ltr'>poscas,</span> <span class='ocrx_word' id='word_1_89' title='bbox 1135 1698 1138 1702; x_wconf 70' lang='grc'><strong>“</strong></span> 
     </span>
     <span class='ocr_line' id='line_1_15' title="bbox 199 1782 1090 1860; baseline 0.002 -17"><span class='ocrx_word' id='word_1_90' title='bbox 199 1842 216 1851; x_wconf 86' lang='grc'>,,</span> <span class='ocrx_word' id='word_1_91' title='bbox 258 1782 366 1860; x_wconf 76' lang='lat' dir='ltr'>accipit</span> <span class='ocrx_word' id='word_1_92' title='bbox 387 1787 611 1860; x_wconf 89' lang='lat' dir='ltr'>endromidem;</span> <span class='ocrx_word' id='word_1_93' title='bbox 640 1788 664 1846; x_wconf 94' lang='lat' dir='ltr'>si</span> <span class='ocrx_word' id='word_1_94' title='bbox 685 1787 794 1847; x_wconf 89' lang='lat' dir='ltr'>dixeris</span> <span class='ocrx_word' id='word_1_95' title='bbox 817 1786 973 1860; x_wconf 67' lang='lat' dir='ltr'>“aestum&#39;&#39;</span> <span class='ocrx_word' id='word_1_96' title='bbox 995 1789 1090 1847; x_wconf 89' lang='lat' dir='ltr'>sudat.</span> 
     </span>
     <span class='ocr_line' id='line_1_16' title="bbox 257 1881 1162 1962; baseline 0.001 -24"><span class='ocrx_word' id='word_1_97' title='bbox 257 1896 323 1941; x_wconf 90' lang='lat' dir='ltr'>non</span> <span class='ocrx_word' id='word_1_98' title='bbox 344 1902 444 1944; x_wconf 93' lang='lat' dir='ltr'>sumus</span> <span class='ocrx_word' id='word_1_99' title='bbox 466 1903 535 1962; x_wconf 86' lang='lat' dir='ltr'>ergo</span> <span class='ocrx_word' id='word_1_100' title='bbox 556 1903 659 1961; x_wconf 87' lang='lat' dir='ltr'>pares:</span> <span class='ocrx_word' id='word_1_101' title='bbox 687 1884 799 1954; x_wconf 90' lang='lat' dir='ltr'>melior,</span> <span class='ocrx_word' id='word_1_102' title='bbox 822 1883 873 1958; x_wconf 92' lang='lat' dir='ltr'>qui</span> <span class='ocrx_word' id='word_1_103' title='bbox 894 1902 1011 1959; x_wconf 89' lang='lat' dir='ltr'>semper</span> <span class='ocrx_word' id='word_1_104' title='bbox 1033 1893 1062 1943; x_wconf 93' lang='lat' dir='ltr'>et</span> <span class='ocrx_word' id='word_1_105' title='bbox 1083 1881 1162 1942; x_wconf 92' lang='lat' dir='ltr'>omni</span> 
     </span>
     <span class='ocr_line' id='line_1_17' title="bbox 256 1980 1256 2058; baseline 0.002 -22"><span class='ocrx_word' id='word_1_106' title='bbox 256 1992 350 2040; x_wconf 91' lang='lat' dir='ltr'>nocte</span> <span class='ocrx_word' id='word_1_107' title='bbox 369 1980 478 2058; x_wconf 90' lang='lat' dir='ltr'>dieque</span> <span class='ocrx_word' id='word_1_108' title='bbox 499 1994 597 2058; x_wconf 91' lang='lat' dir='ltr'>potest</span> <span class='ocrx_word' id='word_1_109' title='bbox 618 1981 716 2039; x_wconf 89' lang='lat' dir='ltr'>aliena</span> <span class='ocrx_word' id='word_1_110' title='bbox 736 1999 852 2038; x_wconf 88' lang='lat' dir='ltr'>sumere</span> <span class='ocrx_word' id='word_1_111' title='bbox 873 1981 985 2038; x_wconf 93' lang='lat' dir='ltr'>vultum</span> <span class='ocrx_word' id='word_1_112' title='bbox 1213 2000 1256 2053; x_wconf 85' lang='lat'>105</span> 
     </span>
     <span class='ocr_line' id='line_1_18' title="bbox 254 2078 938 2152; baseline -0.001 -17"><span class='ocrx_word' id='word_1_113' title='bbox 254 2092 277 2133; x_wconf 84' lang='lat' dir='ltr'>a</span> <span class='ocrx_word' id='word_1_114' title='bbox 297 2078 381 2151; x_wconf 85' lang='lat' dir='ltr'>facie,</span> <span class='ocrx_word' id='word_1_115' title='bbox 403 2079 517 2137; x_wconf 83' lang='lat' dir='ltr'>iactare.</span> <span class='ocrx_word' id='word_1_116' title='bbox 533 2095 646 2151; x_wconf 88' lang='lat' dir='ltr'>manus,</span> <span class='ocrx_word' id='word_1_117' title='bbox 669 2079 790 2136; x_wconf 91' lang='lat' dir='ltr'>laudare</span> <span class='ocrx_word' id='word_1_118' title='bbox 811 2087 938 2152; x_wconf 88' lang='lat' dir='ltr'>paratus,</span> 
     </span>
     <span class='ocr_line' id='line_1_19' title="bbox 220 2170 983 2247; baseline 0.003 -17"><span class='ocrx_word' id='word_1_119' title='bbox 220 2170 234 2240; x_wconf 73' lang='grc'>,’</span> <span class='ocrx_word' id='word_1_120' title='bbox 253 2171 282 2232; x_wconf 84' lang='lat' dir='ltr'>si</span> <span class='ocrx_word' id='word_1_121' title='bbox 305 2177 383 2236; x_wconf 89' lang='lat' dir='ltr'>bene</span> <span class='ocrx_word' id='word_1_122' title='bbox 404 2176 535 2246; x_wconf 83' lang='lat' dir='ltr'>ructavit,</span> <span class='ocrx_word' id='word_1_123' title='bbox 558 2177 582 2234; x_wconf 94' lang='lat' dir='ltr'>si</span> <span class='ocrx_word' id='word_1_124' title='bbox 603 2185 715 2234; x_wconf 92' lang='lat' dir='ltr'>rectum</span> <span class='ocrx_word' id='word_1_125' title='bbox 737 2174 842 2232; x_wconf 85' lang='lat' dir='ltr'>minxit</span> <span class='ocrx_word' id='word_1_126' title='bbox 863 2173 983 2247; x_wconf 88' lang='lat' dir='ltr'>amicus,</span> 
     </span>
     <span class='ocr_line' id='line_1_20' title="bbox 200 2269 1029 2349; baseline 0.004 -21"><span class='ocrx_word' id='word_1_127' title='bbox 200 2338 206 2348; x_wconf 92' lang='lat'>.</span> <span class='ocrx_word' id='word_1_128' title='bbox 254 2269 391 2334; x_wconf 85' lang='lat' dir='ltr'>si&#39;trulla</span> <span class='ocrx_word' id='word_1_129' title='bbox 410 2273 527 2334; x_wconf 89' lang='lat' dir='ltr'>inverso</span> <span class='ocrx_word' id='word_1_130' title='bbox 548 2272 692 2349; x_wconf 84' lang='lat' dir='ltr'>crepitum</span> <span class='ocrx_word' id='word_1_131' title='bbox 714 2272 798 2331; x_wconf 87' lang='lat' dir='ltr'>dedit</span> <span class='ocrx_word' id='word_1_132' title='bbox 820 2292 907 2331; x_wconf 88' lang='lat' dir='ltr'>aurea</span> <span class='ocrx_word' id='word_1_133' title='bbox 927 2273 1029 2331; x_wconf 82' lang='lat' dir='ltr'>fundo,</span> 
     </span>
     <span class='ocr_line' id='line_1_21' title="bbox 254 2369 1061 2454; baseline 0 -28"><span class='ocrx_word' id='word_1_134' title='bbox 254 2370 334 2432; x_wconf 89' lang='lat' dir='ltr'>scire</span> <span class='ocrx_word' id='word_1_135' title='bbox 355 2374 592 2454; x_wconf 20' lang='lat' dir='ltr'>volunt-secreta</span> <span class='ocrx_word' id='word_1_136' title='bbox 612 2371 720 2442; x_wconf 90' lang='lat' dir='ltr'>domus</span> <span class='ocrx_word' id='word_1_137' title='bbox 742 2381 832 2445; x_wconf 89' lang='lat' dir='ltr'>atque</span> <span class='ocrx_word' id='word_1_138' title='bbox 853 2369 924 2428; x_wconf 92' lang='lat' dir='ltr'>inde</span> <span class='ocrx_word' id='word_1_139' title='bbox 944 2369 1061 2442; x_wconf 74' lang='lat' dir='ltr'>timeri.¹</span> 
     </span>
     <span class='ocr_line' id='line_1_22' title="bbox 256 2454 1030 2547; baseline -0.003 -20"><span class='ocrx_word' id='word_1_140' title='bbox 256 2480 289 2530; x_wconf 90' lang='lat' dir='ltr'>et</span> <span class='ocrx_word' id='word_1_141' title='bbox 312 2469 453 2547; x_wconf 90' lang='lat' dir='ltr'>quoniam</span> <span class='ocrx_word' id='word_1_142' title='bbox 474 2467 573 2543; x_wconf 91' lang='lat' dir='ltr'>coepit</span> <span class='ocrx_word' id='word_1_143' title='bbox 594 2468 775 2527; x_wconf 89' lang='lat' dir='ltr'>Graecorum</span> <span class='ocrx_word' id='word_1_144' title='bbox 797 2454 918 2538; x_wconf 89' lang='lat' dir='ltr'>menti0,</span> <span class='ocrx_word' id='word_1_145' title='bbox 941 2467 1030 2525; x_wconf 88' lang='lat' dir='ltr'>transi</span> 
     </span>
     <span class='ocr_line' id='line_1_23' title="bbox 255 2565 1257 2642; baseline -0.004 -18"><span class='ocrx_word' id='word_1_146' title='bbox 255 2565 412 2642; x_wconf 81' lang='lat' dir='ltr'>gymnasia</span> <span class='ocrx_word' id='word_1_147' title='bbox 433 2576 522 2641; x_wconf 89' lang='lat' dir='ltr'>atque</span> <span class='ocrx_word' id='word_1_148' title='bbox 543 2565 612 2635; x_wconf 67' lang='lat' dir='ltr'>ami</span> <span class='ocrx_word' id='word_1_149' title='bbox 634 2567 746 2636; x_wconf 78' lang='lat' dir='ltr'>facinus</span> <span class='ocrx_word' id='word_1_150' title='bbox 769 2565 888 2625; x_wconf 84' lang='lat' dir='ltr'>maioris</span> <span class='ocrx_word' id='word_1_151' title='bbox 909 2566 1033 2623; x_wconf 88' lang='lat' dir='ltr'>abollae.</span> <span class='ocrx_word' id='word_1_152' title='bbox 1042 2600 1054 2627; x_wconf 84' lang='lat'>.-</span> <span class='ocrx_word' id='word_1_153' title='bbox 1099 2593 1146 2604; x_wconf 91' lang='lat'>-</span> <span class='ocrx_word' id='word_1_154' title='bbox 1214 2583 1257 2635; x_wconf 84' lang='lat'>¹15</span> 
     </span>
     <span class='ocr_line' id='line_1_24' title="bbox 200 2648 949 2739; baseline -0.004 -17"><span class='ocrx_word' id='word_1_155' title='bbox 200 2648 209 2678; x_wconf 63' lang='lat'><em>⁵</em></span> <span class='ocrx_word' id='word_1_156' title='bbox 257 2655 372 2739; x_wconf 56' lang='lat' dir='ltr'>stoicus</span> <span class='ocrx_word' id='word_1_157' title='bbox 393 2661 501 2736; x_wconf 85' lang='lat' dir='ltr'>occidit</span> <span class='ocrx_word' id='word_1_158' title='bbox 523 2665 656 2732; x_wconf 83' lang='lat' dir='ltr'>Baream,</span> <span class='ocrx_word' id='word_1_159' title='bbox 678 2664 793 2733; x_wconf 79' lang='lat' dir='ltr'>delator</span> <span class='ocrx_word' id='word_1_160' title='bbox 813 2657 949 2729; x_wconf 73' lang='lat' dir='ltr'>amicum,</span> 
     </span>
     <span class='ocr_line' id='line_1_25' title="bbox 258 2744 981 2848; baseline -0.008 -30"><span class='ocrx_word' id='word_1_161' title='bbox 258 2744 498 2848; x_wconf 65' lang='lat' dir='ltr'>discipulumque</span> <span class='ocrx_word' id='word_1_162' title='bbox 520 2780 618 2831; x_wconf 89' lang='lat' dir='ltr'>senex,</span> <span class='ocrx_word' id='word_1_163' title='bbox 640 2760 704 2834; x_wconf 88' lang='lat' dir='ltr'>ripa</span> <span class='ocrx_word' id='word_1_164' title='bbox 724 2758 850 2825; x_wconf 87' lang='lat' dir='ltr'>nutritus</span> <span class='ocrx_word' id='word_1_165' title='bbox 871 2758 902 2814; x_wconf 96' lang='lat' dir='ltr'>in</span> <span class='ocrx_word' id='word_1_166' title='bbox 924 2759 981 2825; x_wconf 90' lang='lat' dir='ltr'>illa,</span> 
     </span>
     <span class='ocr_line' id='line_1_26' title="bbox 246 2846 1042 2943; baseline -0.014 -24"><span class='ocrx_word' id='word_1_167' title='bbox 246 2861 300 2929; x_wconf 66' lang='lat' dir='ltr'>‚ad</span> <span class='ocrx_word' id='word_1_168' title='bbox 322 2846 412 2943; x_wconf 85' lang='lat' dir='ltr'>quam</span> <span class='ocrx_word' id='word_1_169' title='bbox 435 2856 584 2934; x_wconf 86' lang='lat' dir='ltr'>Gorgonei</span> <span class='ocrx_word' id='word_1_170' title='bbox 605 2856 728 2929; x_wconf 87' lang='lat' dir='ltr'>delapsa</span> <span class='ocrx_word' id='word_1_171' title='bbox 750 2866 794 2913; x_wconf 93' lang='lat' dir='ltr'>est</span> <span class='ocrx_word' id='word_1_172' title='bbox 815 2853 906 2928; x_wconf 91' lang='lat' dir='ltr'>pinna</span> <span class='ocrx_word' id='word_1_173' title='bbox 928 2848 1042 2909; x_wconf 87' lang='lat' dir='ltr'>caballi.</span> 
     </span>
     <span class='ocr_line' id='line_1_27' title="bbox 260 2948 1289 3029; baseline -0.014 -12"><span class='ocrx_word' id='word_1_174' title='bbox 260 2977 325 3017; x_wconf 89' lang='lat' dir='ltr'>non</span> <span class='ocrx_word' id='word_1_175' title='bbox 346 2969 391 3016; x_wconf 92' lang='lat' dir='ltr'>est</span> <span class='ocrx_word' id='word_1_176' title='bbox 412 2959 551 3015; x_wconf 90' lang='lat' dir='ltr'>Romano</span> <span class='ocrx_word' id='word_1_177' title='bbox 572 2952 711 3029; x_wconf 88' lang='lat' dir='ltr'>cuiquam</span> <span class='ocrx_word' id='word_1_178' title='bbox 732 2953 815 3011; x_wconf 90' lang='lat' dir='ltr'>locus</span> <span class='ocrx_word' id='word_1_179' title='bbox 837 2950 893 3020; x_wconf 91' lang='lat' dir='ltr'>hic,</span> <span class='ocrx_word' id='word_1_180' title='bbox 916 2948 968 3008; x_wconf 92' lang='lat' dir='ltr'>ubi</span> <span class='ocrx_word' id='word_1_181' title='bbox 989 2958 1090 3025; x_wconf 86' lang='lat' dir='ltr'>regnat</span> <span class='ocrx_word' id='word_1_182' title='bbox 1286 3014 1289 3021; x_wconf 29' lang='grc' dir='ltr'>Ι</span> 
     </span>
     <span class='ocr_line' id='line_1_28' title="bbox 262 3047 1262 3131; baseline -0.013 -15"><span class='ocrx_word' id='word_1_183' title='bbox 262 3058 447 3131; x_wconf 88' lang='lat' dir='ltr'>Protogenes</span> <span class='ocrx_word' id='word_1_184' title='bbox 467 3053 574 3130; x_wconf 89' lang='lat' dir='ltr'>aliquis</span> <span class='ocrx_word' id='word_1_185' title='bbox 595 3052 641 3111; x_wconf 92' lang='lat' dir='ltr'>vel</span> <span class='ocrx_word' id='word_1_186' title='bbox 664 3049 803 3127; x_wconf 90' lang='lat' dir='ltr'>Diphilus</span> <span class='ocrx_word' id='word_1_187' title='bbox 824 3060 875 3107; x_wconf 93' lang='lat' dir='ltr'>aut</span> <span class='ocrx_word' id='word_1_188' title='bbox 897 3047 1108 3116; x_wconf 86' lang='lat' dir='ltr'>Hermarchus,</span> <span class='ocrx_word' id='word_1_189' title='bbox 1217 3068 1262 3103; x_wconf 90' lang='lat'>120</span> 
     </span>
     <span class='ocr_line' id='line_1_29' title="bbox 262 3144 1063 3231; baseline -0.014 -19"><span class='ocrx_word' id='word_1_190' title='bbox 262 3150 314 3230; x_wconf 91' lang='lat' dir='ltr'>qui</span> <span class='ocrx_word' id='word_1_191' title='bbox 334 3150 431 3229; x_wconf 87' lang='lat' dir='ltr'>gentis</span> <span class='ocrx_word' id='word_1_192' title='bbox 452 3149 522 3210; x_wconf 92' lang='lat' dir='ltr'>vitio</span> <span class='ocrx_word' id='word_1_193' title='bbox 544 3168 708 3225; x_wconf 89' lang='lat' dir='ltr'>numquam</span> <span class='ocrx_word' id='word_1_194' title='bbox 729 3147 851 3231; x_wconf 80' lang='lat' dir='ltr'>partitur</span> <span class='ocrx_word' id='word_1_195' title='bbox 871 3145 1009 3218; x_wconf 88' lang='lat' dir='ltr'>amicum,</span> <span class='ocrx_word' id='word_1_196' title='bbox 1058 3144 1063 3155; x_wconf 81' lang='grc'>’</span> 
     </span>
     <span class='ocr_line' id='line_1_30' title="bbox 263 3228 1114 3312; baseline -0.015 0"><span class='ocrx_word' id='word_1_197' title='bbox 263 3252 345 3312; x_wconf 93' lang='lat' dir='ltr'>solus</span> <span class='ocrx_word' id='word_1_198' title='bbox 365 3250 462 3309; x_wconf 89' lang='lat' dir='ltr'>habet.</span> <span class='ocrx_word' id='word_1_199' title='bbox 506 3267 575 3307; x_wconf 91' lang='lat' dir='ltr'>nam</span> <span class='ocrx_word' id='word_1_200' title='bbox 596 3228 664 3305; x_wconf 86' lang='lat' dir='ltr'>cnm</span> <span class='ocrx_word' id='word_1_201' title='bbox 685 3245 802 3304; x_wconf 85' lang='lat' dir='ltr'>facilem</span> <span class='ocrx_word' id='word_1_202' title='bbox 823 3245 942 3305; x_wconf 82' lang='lat' dir='ltr'>stillavit</span> <span class='ocrx_word' id='word_1_203' title='bbox 962 3242 993 3302; x_wconf 93' lang='lat' dir='ltr'>in</span> <span class='ocrx_word' id='word_1_204' title='bbox 1014 3260 1114 3302; x_wconf 87' lang='lat' dir='ltr'>aurem</span> 
     </span>
     <span class='ocr_line' id='line_1_31' title="bbox 244 3343 943 3441; baseline -0.016 -30"><span class='ocrx_word' id='word_1_205' title='bbox 244 3350 401 3441; x_wconf 65' lang='lat' dir='ltr'>[exiguum</span> <span class='ocrx_word' id='word_1_206' title='bbox 423 3349 462 3433; x_wconf 81' lang='lat' dir='ltr'>de</span> <span class='ocrx_word' id='word_1_207' title='bbox 483 3357 605 3404; x_wconf 86' lang='lat' dir='ltr'>naturae</span> <span class='ocrx_word' id='word_1_208' title='bbox 625 3343 797 3425; x_wconf 88' lang='lat' dir='ltr'>patriaeque</span> <span class='ocrx_word' id='word_1_209' title='bbox 818 3362 943 3412; x_wconf 82' lang='lat' dir='ltr'>venene,</span> 
     </span>
     <span class='ocr_line' id='line_1_32' title="bbox 265 3437 1012 3528; baseline -0.016 -20"><span class='ocrx_word' id='word_1_210' title='bbox 265 3448 366 3509; x_wconf 91' lang='lat' dir='ltr'>limine</span> <span class='ocrx_word' id='word_1_211' title='bbox 388 3464 583 3517; x_wconf 91' lang='lat' dir='ltr'>summoveor,</span> <span class='ocrx_word' id='word_1_212' title='bbox 606 3441 756 3520; x_wconf 88' lang='lat' dir='ltr'>perierunt</span> <span class='ocrx_word' id='word_1_213' title='bbox 778 3452 912 3528; x_wconf 86' lang='lat' dir='ltr'>tempora</span> <span class='ocrx_word' id='word_1_214' title='bbox 932 3437 1012 3515; x_wconf 86' lang='lat' dir='ltr'>longi</span> 
     </span>
    </p>
   </div>
   <div class='ocr_carea' id='block_1_3' title="bbox 462 3644 1067 3714">
    <p class='ocr_par' dir='ltr' id='par_1_3' title="bbox 462 3644 1067 3714">
     <span class='ocr_line' id='line_1_33' title="bbox 462 3644 1067 3714; baseline -0.017 -13"><span class='ocrx_word' id='word_1_215' title='bbox 462 3663 507 3714; x_wconf 82' lang='lat'>117</span> <span class='ocrx_word' id='word_1_216' title='bbox 540 3646 748 3712; x_wconf 90' lang='lat' dir='ltr'>discipulumque]</span> <span class='ocrx_word' id='word_1_217' title='bbox 770 3644 966 3708; x_wconf 81' lang='lat' dir='ltr'>discipulamque</span> <span class='ocrx_word' id='word_1_218' title='bbox 983 3644 1067 3692; x_wconf 78' lang='lat' dir='ltr'>Ritter</span> 
     </span>
    </p>
   </div>
   <div class='ocr_carea' id='block_1_4' title="bbox 0 0 1504 4134">
    <p class='ocr_par' dir='ltr' id='par_1_4' title="bbox 0 0 1504 4134">
     <span class='ocr_line' id='line_1_34' title="bbox 0 0 1504 4134; baseline 0 0"><span class='ocrx_word' id='word_1_219' title='bbox 0 0 1504 4134; x_wconf 95' lang='lat' dir='ltr'> </span> 
     </span>
    </p>
   </div>
  </div>
 </body>
</html>
