2992 4134
564 399 673 449 LIBER
696 399 716 450 l.
740 399 884 450 SATVRA
908 399 937 447 V.

239 561 381 612 servatur
402 545 537 608 domino.
580 547 713 606 dextram
735 546 875 629 cohibere
896 559 1056 618 memento,

240 649 328 709 salva
350 645 390 706 sit
410 655 547 722 artoptae
566 645 737 705 reverentia.
781 645 858 721 finge
879 656 980 704 tamen
1002 657 1031 706 te

240 745 452 823 inprobulum‚
475 753 608 820 superest
629 741 688 801 illic
708 741 760 819 qui
781 761 892 818 ponere
913 755 1014 819 cogat:

243 843 308 903 ‘vis
331 851 365 902 tu
387 838 547 913 consuetis,
569 840 665 900 audax
685 839 819 913 conviva,
841 839 975 900 canistris

242 937 367 1017 imple'ri
389 937 536 1015 panisque
557 937 600 998 tui
621 936 740 998 novisse
761 939 926 998 colorem?’
1221 960 1251 1011 75

245 1035 383 1096 ‘scilicet
404 1035 463 1095 hoc
483 1035 588 1107 ruerat,
609 1045 730 1110 propter
751 1034 832 1110 quod
853 1053 942 1111 saepe
963 1034 1065 1095 relicta

244 1133 379 1209 coniuge
400 1151 454 1209 per
474 1143 609 1192 montem
629 1133 786 1192 adversum
807 1132 978 1210 gelidasque
1000 1135 1113 1193 cucurri

246 1228 411 1307 Esquilias,
433 1229 571 1291 fremeret
592 1248 680 1289 saeva
700 1249 768 1289 cum
789 1229 931 1307 grandine
952 1251 1059 1291 vernus

247 1325 390 1406 Iuppiter
410 1337 440 1386 et
461 1327 557 1387 multo
578 1324 700 1386 stillaret
720 1327 846 1403 paenula
867 1325 988 1388 nimbo'

290 1421 396 1500 aspice
417 1442 507 1499 quam
529 1423 620 1500 longo
640 1422 801 1500 distinguat
822 1435 942 1500 pectore
964 1427 1079 1484 lancem
1222 1435 1253 1483 80

248 1541 331 1600 quae
352 1522 443 1581 fertur
463 1520 589 1581 domino
608 1521 722 1598 squilla,
745 1535 775 1582 et
796 1522 903 1598 quibus
924 1523 1056 1599 undique
1077 1536 1180 1600 saepta

249 1617 404 1697 asparagis
425 1637 486 1695 qua
505 1617 651 1695 despiciat
671 1617 807 1678 convivia
827 1619 932 1691 cauda,

250 1717 328 1776 dum
349 1713 431 1773 venit
451 1713 560 1774 excelsi
582 1713 718 1774 manibus
740 1716 857 1774 sublata
879 1714 1011 1774 ministri.

251 1812 308 1872 sed
329 1809 384 1870 tibi
404 1809 530 1870 dimidio
550 1810 725 1870 constrictus
746 1831 912 1897 cammarus
933 1831 991 1872 ovo

252 1906 378 1984 ponitur
398 1894 504 1982 exigda
523 1906 619 1966 feralis
640 1927 715 1967 cena
735 1896 853 1985 patella.

252 2005 320 2082 ipse
339 2005 510 2064 Venafrano
531 2003 643 2082 piscem
663 2007 831 2082 perfundit:
860 2020 891 2069 at
911 2007 960 2069 hic
981 2010 1033 2087 qui

252 2101 533 2259 pffl⁵ddfe¹tm
552 2102 660 2163 misero
682 2103 743 2178 tibi,
766 2104 857 2166 caulis
877 2107 969 2168 olebit

255 2203 264 2258 l
320 2218 352 2259 er
373 2219 441 2272 am;
471 2199 543 2259 illud
564 2200 644 2260 enim
665 2201 768 2262 vestris
789 2204 875 2263 datur
895 2206 1015 2266 alveolis
1037 2208 1118 2284 quod

254 2315 355 2356 canna
376 2294 568 2372 Micipsarum
589 2317 676 2373 prora
695 2301 829 2360 subvexit
849 2312 945 2374 acuta,

256 2404 378 2471 propter
399 2394 480 2470 quod
502 2395 618 2454 Romae
638 2415 707 2455 cum
729 2399 859 2458 Boccare
880 2419 970 2459 nemo
991 2402 1111 2473 lavatur,
1222 2427 1255 2477 90

256 2492 341 2569 quod
362 2500 441 2550 tutos
463 2490 552 2550 etiam
573 2492 643 2551 facit
663 2513 682 2551 a
702 2480 888 2570 serpentibus
909 2497 988 2558 atris.
1078 2556 1103 2577 f

256 2589 367 2647 mullus
387 2587 442 2648 erit
463 2587 584 2662 domini,
606 2610 696 2665 quem
717 2591 797 2651 misit
818 2594 939 2655 Corsica
960 2597 1007 2656 vel
1028 2614 1117 2671 quem

256 2683 527 2745 Tauromenitanae
547 2705 643 2763 rupeS,
665 2708 744 2764 quan
810 2710 899 2751 omne
919 2708 1069 2770 peractum
1091 2710 1135 2759 est

257 2794 288 2844 et
309 2783 368 2841 iarn
390 2781 498 2842 defecit
519 2796 651 2843 nostrum
673 2807 703 2845 m
736 2807 762 2859 e,
785 2791 857 2850 dum
878 2795 947 2868 gula
967 2794 1067 2866 saevit,

218 2953 226 2960 ι
255 2882 369 2942 retibus
389 2879 522 2941 adsiduis
543 2885 660 2958 penitus
681 2899 831 2948 scrutante
851 2893 978 2949 macello
1224 2916 1255 2967 95

256 2977 401 3055 proxima,
424 2997 480 3037 nec
500 2979 630 3054 patimur
649 2984 835 3060 Tyrrhenum
857 3006 986 3048 crescere
1008 2988 1129 3065 piscem.

257 3072 375 3133 instruit
395 3094 465 3151 ergo
485 3077 584 3137 focum
605 3079 767 3154 provincia,
789 3083 913 3143 sumitur
934 3085 1013 3145 illinc

245 3170 342 3264 *quod
363 3183 497 3284 caphator
517 3187 596 3235 emat
618 3177 741 3248 Laenas,
764 3179 884 3239 Aurelia
904 3183 1021 3243 vendat.

258 3265 378 3324 Virroni
398 3288 427 3325 rn
579 3285 653 3362 atur,
676 3295 752 3350 quae
774 3277 903 3336 maxima
924 3278 1004 3339 venit

258 3361 372 3440 gurgite
393 3366 431 3424 de
452 3366 568 3446 Sicu103
596 3390 666 3430 nam
687 3374 760 3431 dum
781 3393 813 3434 se
833 3375 967 3437 continet
987 3389 1093 3455 auster,
1212 3405 1257 3441 100

260 3460 334 3537 dum
355 3462 489 3524 sedetet
510 3466 601 3526 siccat
622 3469 757 3528 madidas
778 3469 809 3529 in
830 3490 946 3534 carcere
968 3475 1081 3552 pinnas,

261 3567 456 3619 contemnunt
476 3562 604 3624 mediam
627 3566 781 3627 temeraria
802 3567 863 3630 lina
884 3571 1082 3650 Charybdim:

310 3669 342 3725 80
374 3672 509 3742 distinguat
521 3677 556 3726 P:
574 3677 700 3729 distendat
707 3688 746 3748 po
857 3686 888 3736 82
921 3686 1090 3755 despiciatpt
1105 3687 1224 3754 despicit-³

736 3834 875 3874 fl
