2992 4134
517 387 627 436 LIBER
650 387 681 436 V.
704 387 848 436 SATVRA
873 388 930 434 XV.

223 533 273 610 qui
295 533 393 592 vicina
414 535 516 592 colunt
536 535 695 593 umbrosae
715 535 847 610 Tentyra
867 534 992 610 palmae.

222 630 332 692 labitur
351 629 401 690 hic
421 631 544 708 quidam
565 632 656 691 nimia
676 631 835 693 formidine
856 651 974 691 cursum

222 728 425 806 praecipitans
446 729 628 806 capiturque.
670 741 716 790 ast
736 730 819 791 illum
841 730 871 788 in
893 729 1019 806 plurima
1040 742 1152 789 sectum

222 831 315 888 frusta
336 838 367 887 et
386 826 554 904 particulas,
575 837 608 885 ut
630 827 730 886 multis
752 840 886 886 mortuus
907 846 984 887 unus

222 928 379 994 sufficeret,
403 936 498 983 totum
521 923 647 984 corrosis
668 926 784 984 ossibus
807 925 867 984 edit

222 1023 328 1082 victrix
349 1026 442 1094 turba,
466 1042 522 1083 nec
542 1022 658 1083 ardenti
679 1024 797 1083 decoxit
819 1042 910 1083 aeuo-

223 1132 275 1180 aut
296 1120 424 1192 veribus,
447 1123 570 1198 longum
592 1141 686 1198 usque
707 1123 785 1181 adeo
807 1123 983 1198 tardumque
1004 1120 1117 1198 putavit

223 1230 381 1295 expectare
401 1222 494 1294 socos,
517 1231 659 1279 contenta
679 1222 822 1280 cadavere
844 1221 945 1279 crudo.

223 1317 272 1375 hic
293 1320 422 1393 gaudere
444 1318 515 1377 libet
536 1319 618 1394 quod
640 1337 701 1377 non
722 1317 873 1378 violaverit
894 1318 1002 1393 ignem,

224 1435 315 1492 quem
336 1434 454 1474 summa
474 1415 549 1475 caeli
570 1426 689 1490 raptum
710 1416 749 1475 de
770 1427 853 1492 parte
875 1415 1069 1474 Prometheus
1194 1423 1224 1486 85

224 1512 348 1571 donavit
370 1512 471 1586 terris,
499 1515 648 1573 elemento
669 1515 808 1589 gratulor,
831 1524 861 1572 et
882 1524 911 1572 te

224 1611 354 1668 exultare
375 1628 448 1669 reor.
491 1610 544 1669 sed
565 1609 615 1686 qui
637 1611 773 1669 mordere
794 1609 919 1668 cadaver

224 1708 372 1780 sustinuit,
395 1709 436 1767 nil
459 1728 601 1784 umquam
623 1710 680 1768 hac
701 1727 789 1767 carne
810 1704 950 1765 libentius
972 1703 1051 1779 edit;

224 1826 295 1864 nam
317 1808 427 1866 scelere
448 1804 585 1866 intanto
607 1825 645 1865 ne
666 1824 789 1881 quaeras
811 1816 841 1864 et
862 1805 979 1863 dubites
1001 1822 1040 1862 an

223 1905 320 1981 prima
340 1907 523 1981 voluptatem
544 1905 613 1980 gula
634 1902 776 1977 senserit;
804 1901 924 1961 ultimus
945 1912 1044 1961 autem
1193 1920 1226 1969 90

224 2000 276 2077 qui
298 2001 386 2072 stetit,
409 2003 571 2078 absumpto
591 2000 651 2059 iam
673 2010 738 2059 toto
759 2019 890 2076 corpore,
912 1998 1010 2058 ductis

224 2117 279 2174 per
300 2109 404 2158 terram
427 2098 525 2176 digitis
546 2097 659 2175 aliquid
680 2099 719 2157 de
740 2097 881 2174 sanguine
901 2107 1008 2173 gustat.

223 2198 386 2267 Vascones,
408 2197 482 2256 haec
503 2198 581 2254 fama
602 2206 657 2270 est,
679 2195 825 2254 alimentis
848 2194 956 2253 talibus
978 2192 1049 2253 olim

224 2293 389 2368 produxere
410 2293 535 2353 animas.
577 2295 631 2353 sed
652 2311 698 2351 res
720 2291 843 2365 diversa,
865 2293 918 2350 sed
939 2289 998 2349 illic

223 2391 359 2449 fortunae
380 2390 491 2450 invidia
512 2402 557 2450 cst
578 2392 783 2465 bellorumque
804 2389 915 2460 ultima,
937 2407 1023 2448 casus
1193 2407 1223 2459 95

225 2490 356 2561 extremi,
379 2490 485 2566 longae
506 2488 570 2548 dira
590 2487 756 2549 obsidionis
778 2498 899 2564 egestas.

225 2584 312 2645 huius
333 2587 412 2645 enim
434 2590 516 2663 quod
537 2606 618 2646 nunc
639 2585 741 2661 agitur,
764 2584 931 2645 miserabile
953 2586 1042 2646 debet

225 2686 394 2758 exemplum
417 2703 481 2743 esse
502 2682 570 2756 cibi,
593 2682 668 2742 sicut
690 2683 781 2740 modo
803 2681 884 2741 dicta
904 2682 977 2741 mihi
998 2702 1069 2760 gens

224 2791 293 2856 post
315 2780 411 2839 omnis
431 2782 546 2855 herbas,
570 2790 639 2856 post
659 2791 769 2838 cuncta
790 2778 937 2855 animalia,
960 2777 1106 2856 quidquid

224 2879 352 2954 cogebat
372 2879 457 2938 vacui
478 2878 587 2937 ventris
608 2879 696 2949 furor,
718 2878 853 2938 hostibus
874 2877 945 2955 ipsis
1179 2898 1224 2933 100

223 2974 367 3049 pallorem
390 2995 424 3033 ac
446 2973 573 3033 maciem
594 2985 624 3034 et
644 2974 741 3034 tenuis
763 2973 969 3034 miserantibus
990 2985 1077 3045 artus,

224 3073 358 3130 membra
379 3071 476 3131 aliena
496 3073 574 3130 fame
594 3072 771 3144 lacerabant,
794 3090 859 3131 esse
879 3070 974 3148 parati

223 3181 254 3229 et
275 3189 336 3228 sua.
380 3167 515 3246 quisnam
536 3170 693 3230 hominum
714 3168 832 3230 veniam
854 3169 924 3228 dare
945 3167 1048 3244 quisve
1068 3168 1191 3226 deorum

222 3269 376 3329 ventribus
396 3269 539 3328 abnueret
560 3267 624 3327 dira
644 3279 734 3344 atque
755 3266 886 3326 inmania
905 3265 998 3342 passis

223 3379 253 3427 et
274 3366 382 3442 quibus
403 3365 520 3425 illorum
540 3377 678 3442 poterant
699 3364 852 3442 ignoscere
873 3384 984 3438 manes,
1178 3385 1222 3438 105

381 3607 413 3656 77
443 3594 665 3659 bicpwebincr’
767 3615 801 3670 93
837 3598 1081 3654 olimPTsusio

371 3690 417 3736 104
453 3680 584 3732 ventribus
604 3685 742 3740 Valesiusr
763 3687 880 3741 urbibus
895 3687 919 3740 P
925 3700 936 3739 ·.
952 3685 1011 3740 urb
