2992 4134
574 349 685 397 murm
709 351 730 398 1.
755 348 899 397 servan
925 347 954 396 v.
1220 349 1259 410 27

256 520 297 561 ex
318 498 418 570 nihilo,
442 510 570 576 quantus
591 500 675 558 fieres
696 496 830 556 Virronis
851 495 972 554 amicus.

260 600 317 658 ‘da
337 599 455 670 Trebi0,
479 617 557 675 pone
579 599 618 657 ad
639 595 790 657 Trebium.
834 594 885 666 vis,
907 595 1003 666 irater,
1026 597 1064 652 ab
1086 590 1156 668 ipsis
1214 610 1258 665 ¹35

258 695 348 755 ilibus
356 691 444 774 Wo
466 695 587 769 nummi,
610 694 695 754 vobis
716 695 796 753 hunc
817 698 947 770 praestat
968 693 1121 762 honorem,

257 813 313 853 vos
334 794 404 853 estis
425 796 534 854 fratres.
578 793 718 854 dominus
741 804 841 851 tamen
863 802 893 850 et
914 790 1027 850 domini
1049 809 1101 850 rex

258 891 285 950 si
305 892 348 951 vis
370 903 402 950 tu
423 891 494 960 fieri,
515 893 612 950 nullus
634 890 687 950 tibi
708 892 846 967 parvolus
867 889 935 948 aula

258 989 361 1049 luserit
382 991 499 1048 Aeneas
520 1009 576 1048 nec
597 989 657 1048 iilia
676 987 791 1048 dulcior
810 987 879 1059 illo;

257 1085 423 1146 iucundum
446 1097 476 1145 et
496 1106 595 1146 carum
617 1086 722 1147 sterilis
743 1084 813 1145 facit
835 1104 907 1173 uxor
928 1082 1065 1143 amicum.
1215 1104 1261 1154 ¹40

259 1186 314 1244 sed
335 1195 386 1244 tua
406 1203 486 1243 nunc
508 1186 626 1261 Mycale
647 1184 741 1262 pariat
762 1185 832 1243 licet
852 1194 883 1243 et
903 1202 1011 1260 pueros
1032 1193 1090 1243 tres

259 1282 291 1340 in
313 1281 455 1359 gremium
476 1283 567 1359 patris
588 1285 693 1342 fundat
715 1283 815 1354 semel,
821 1248 901 1358 fipse
922 1281 1038 1358 loquaci

260 1379 399 1457 gaudebit
420 1381 500 1453 nido,
523 1380 646 1440 viridem
667 1381 790 1440 thoraca
810 1378 924 1440 iubebit

261 1477 366 1536 adferri
387 1477 584 1554 minimasque
605 1497 696 1539 nuces
717 1497 874 1554 assemque
894 1488 1037 1555 rogatum,

262 1575 300 1633 ad
320 1593 453 1634 mensam
475 1574 614 1652 quotiens
635 1573 778 1651 parasitus
799 1574 911 1634 venerit
932 1574 1033 1634 infans.
1085 1646 1088 1653 Δ
1132 1616 1137 1633 ,
1215 1591 1260 1645 ¹45

223 1644 408 1753 svipibus
428 1671 572 1749 ancipites
593 1671 674 1749 fungi
696 1681 846 1747 ponentur
866 1669 976 1741 amicis,
1027 1616 1174 1717 *aim*

286 1785 365 1825 oeu
399 1767 532 1839 domino,
555 1769 608 1827 sed
630 1770 732 1844 quales
754 1766 898 1830 Claudius
920 1766 982 1827 edit

262 1875 330 1922 ante
350 1862 432 1923 illum
454 1865 562 1936 uxoris,
585 1876 653 1940 post
674 1884 763 1940 quem
785 1862 858 1922 nihil
879 1862 1006 1940 amplius
1028 1862 1097 1923 edit.

301 1961 387 2021 Virro
409 1961 466 2021 sibi
487 1974 516 2022 et
537 1961 655 2038 reliquis
676 1961 853 2022 Virronibus
875 1961 925 2020 illa
945 1960 1060 2022 iubebit

260 2077 353 2135 poma
374 2058 444 2131 dari,
468 2078 594 2135 quorum
616 2061 680 2120 solo
702 2059 830 2136 pascaris
851 2061 951 2131 odore,
1215 2077 1261 2132 ¹50

260 2156 359 2233 qualia
380 2168 539 2234 perpetuus
561 2159 732 2218 Phaeacum
753 2171 911 2218 autumnus
932 2159 1071 2229 habebat,

261 2257 381 2315 credere
402 2274 479 2332 quae
500 2256 597 2332 possis
618 2260 759 2333 subrepta
779 2257 928 2318 sororibus
949 2257 1062 2316 Afrisz.

261 2368 293 2413 tu
315 2353 415 2413 scabie
435 2353 538 2414 frueris
559 2355 637 2427 mali,
660 2356 742 2432 quod
763 2355 794 2415 in
816 2375 921 2432 aggere
941 2355 1020 2414 rodit
1055 2324 1180 2415 prusae

262 2451 312 2527 qui
332 2451 440 2528 tegitur
480 2471 512 2510 ar
599 2456 714 2551 tagalea
736 2450 1059 2561 metuensque-flagelli

262 2550 347 2610 discit
368 2551 407 2611 ab
449 2570 458 2609 1
508 2561 539 2610 ta
558 2572 569 2609 r
587 2538 687 2611 culurir
709 2566 846 2629 torquere
867 2527 994 2628 capena}
1024 2538 1065 2563 ‘'
1215 2568 1260 2623 155

302 2647 424 2707 forsitan
444 2648 587 2724 inpensae
608 2651 764 2710 Virronem
785 2670 905 2728 parcere
927 2650 1038 2710 credas.

261 2749 320 2806 hoc
336 2745 400 2826 tagit
421 2758 453 2806 ut
474 2748 595 2821 doleas;
623 2768 692 2807 nam
714 2768 792 2826 quae
812 2748 975 2830 comoedia,
999 2747 1106 2806 mimus

263 2847 328 2923 quis
348 2844 451 2905 melior
472 2847 608 2921 plorante
627 2848 718 2923 gula?
746 2866 815 2924 ergo
836 2845 937 2906 omnia
958 2848 1040 2919 fiunt,

262 2941 286 3001 si
307 2942 411 3013 nescis,
434 2953 466 3001 ut
486 2962 540 3020 per
553 2935 693 3003 'lacrimas
716 2946 867 3009 effundere
888 2944 979 3004 bilem

263 3034 383 3117 cogaris
396 3060 558 3119 pressoque
578 3042 630 3101 diu
651 3042 774 3102 stridere
795 3042 906 3102 molari.

261 3151 293 3197 tu
315 3137 369 3197 tibi
390 3128 576 3200 liber'bomo
598 3151 628 3200 et
644 3139 723 3221 regis
745 3122 1014 3200 conviva'videris:

261 3246 383 3311 captum
404 3247 434 3296 te
455 3237 559 3296 nidore
580 3257 651 3297 suae
670 3248 755 3314 putat
776 3236 825 3297 ille
846 3237 969 3310 culinae,

263 3351 319 3392 nec
340 3334 418 3392 male
438 3334 605 3410 coniectat;
632 3333 698 3412 quis
720 3334 799 3394 enim
821 3346 880 3395 tam
902 3336 1008 3406 nudus,
1031 3346 1064 3394 ut
1084 3334 1166 3394 illum

262 3429 307 3489 bis
328 3432 410 3502 serat,
433 3432 591 3490 Etruscum
612 3451 705 3509 puero
727 3432 751 3491 si
772 3433 896 3510 contigit
916 3452 1020 3492 aurum

261 3529 308 3587 vel
329 3529 426 3587 nodus
447 3539 563 3588 tantum
584 3540 614 3590 et
634 3529 751 3608 signum
774 3533 812 3590 de
833 3551 967 3608 paupere
988 3533 1074 3595 loro?
1217 3541 1260 3602 165

263 3643 330 3702 spes
350 3627 428 3686 bene
448 3627 576 3686 cenandi
596 3647 650 3688 vos
671 3627 789 3706 decipit.
835 3633 924 3690 ‘ecce
944 3628 1032 3690 dabit
1048 3629 1118 3688 iam
