2992 4134
513 229 1329 263 ¹·—

470 258 1329 302 -ψ--ξη

277 483 320 544 24
674 472 873 522 rvvurmms

277 625 328 702 qui
349 632 484 683 numeret
504 639 646 698 gemmas,
668 638 781 696 ungues
802 619 938 678 observet
959 629 1068 677 acutos.

253 710 316 781 *da
337 720 463 790 veniam,
485 719 634 794 praeclara
655 715 696 773 illi
717 716 854 773 laudatur
874 713 963 790 iaspis
973 735 981 786 ;

277 839 346 878 nam
367 818 462 888 Virro,
484 826 517 875 ut
537 814 630 885 multi,
652 832 785 890 gemmas
806 812 845 870 ad
865 813 973 888 pocula
993 812 1128 870 transfert

278 913 421 992 adigitis,
444 932 517 990 quas
538 911 569 969 in
589 910 712 988 vaginae
732 910 830 968 fronte
851 908 965 967 solebat

278 1031 388 1089 ponere
409 1012 546 1087 zelotypo
568 1008 681 1068 iuvenis
702 1009 849 1084 praelatus
871 1008 984 1065 Iarbae.

278 1121 310 1170 tu
332 1106 534 1168 Beneventani
555 1106 660 1166 sutoris
681 1124 792 1164 nomen
812 1103 972 1162 habentem

278 1205 403 1266 siccabis
423 1204 546 1263 calicem
567 1222 705 1263 nasorum
727 1212 867 1278 quattuor
887 1218 923 1259 ac
943 1199 1002 1258 iam

279 1315 447 1380 quassatum
471 1314 499 1361 et
520 1312 608 1378 rupto
629 1313 804 1378 poscentem
825 1302 944 1376 sulpura
963 1297 1046 1357 vitro.

279 1401 303 1459 si
324 1399 493 1459 stomachus
515 1397 628 1457 domini
649 1398 741 1457 fervet
761 1398 890 1473 vinoque
910 1395 1047 1471 ciboque,

278 1496 408 1574 frigidior
429 1494 540 1554 Geticis
561 1495 670 1571 petitur
690 1496 816 1554 decocta
835 1491 964 1570 pruinis:
1097 1562 1103 1581 ι

279 1614 340 1655 non
361 1594 466 1652 eadem
486 1591 571 1651 vobis
592 1591 666 1668 poni
686 1593 779 1651 modo
799 1591 868 1650 vina
888 1591 1053 1667 querebar?

279 1711 332 1751 vos
352 1690 439 1749 aliam
460 1689 569 1766 potatis
589 1709 707 1766 aquam.
749 1689 804 1749 tibi
824 1690 934 1766 pocula
954 1705 1054 1746 cursor

279 1790 423 1851 Gaetulus
444 1787 526 1847 dabit
546 1798 597 1847 aut
617 1786 691 1863 nigri
711 1806 817 1846 manus
837 1805 923 1846 ossea
945 1785 1042 1844 Mauri

280 1897 310 1946 et
330 1887 377 1945 cui
398 1905 451 1963 per
471 1884 599 1945 mediam
622 1884 698 1945 nolis
720 1904 873 1946 occurrere
894 1893 1023 1954 noctem,

279 1984 406 2044 clivosae
427 1983 540 2043 veheris
561 1985 635 2042 dum
655 2002 708 2059 per
728 1992 923 2043 monumenta
944 1980 1087 2041 Latinae:
1244 2001 1274 2055 55

213 2087 238 2151 ῖς
256 2084 261 2109 ”
279 2080 334 2140 flos
355 2080 443 2139 Asiae
464 2091 533 2138 ante
555 2078 659 2156 ipsum,
682 2079 776 2156 pretio
798 2080 908 2140 maiore
929 2089 1048 2156 paratus

280 2199 368 2257 quam
389 2179 443 2238 fuit
463 2189 492 2238 et
513 2178 593 2237 Tulli
614 2198 719 2237 census
740 2179 883 2256 pugnacis
904 2190 933 2239 et
955 2177 1030 2236 Anci

280 2287 317 2348 et,
339 2296 378 2335 ne
399 2286 428 2336 te
449 2287 576 2348 teneam,
599 2277 804 2334 Romanorum
826 2261 927 2335 omnia
947 2294 1047 2352 regum

280 2374 390 2433 frivola.
433 2375 605 2450 quodcum
627 2373 668 2432 ita
689 2373 734 2447 sit,
757 2383 789 2431 tu
811 2374 970 2434 Gaetulum
992 2373 1198 2450 Ganymedem

280 2471 401 2548 respice,
422 2489 489 2529 cum
511 2469 599 2529 sities.
642 2469 737 2529 nescit
758 2480 803 2530 tot
824 2469 942 2531 milibus
963 2482 1080 2547 emptus
1245 2480 1278 2530 60

280 2568 456 2646 pauperibus
478 2568 601 2628 miscere
621 2586 711 2645 puer:
740 2569 795 2628 sed
815 2568 917 2637 forma,
938 2569 993 2628 sed
1013 2579 1095 2628 aetas

280 2665 369 2743 digna
390 2665 564 2741 supercilio;
592 2667 714 2740 quando
736 2666 775 2723 ad
797 2676 826 2724 te
841 2664 980 2740 pervenit
1001 2665 1073 2724 ille?

281 2763 401 2837 quando
422 2773 540 2837 rogatus
561 2762 645 2820 adest
666 2761 780 2820 calidae
801 2762 975 2838 gelidaeque
995 2761 1149 2822 minister?

280 2858 392 2935 quippe
413 2857 582 2934 indignatur
602 2859 693 2917 veteri
714 2878 817 2935 parere
838 2859 937 2919 clienti

280 2956 422 3030 quodque
442 2953 553 3029 aliquid
575 2973 682 3030 poscas
703 2967 732 3016 et
754 2956 837 3031 quod
858 2976 889 3016 se
911 2970 1008 3017 stante
1029 2957 1193 3024 recumbas.
1209 2958 1288 3101 ἦ(

281 3052 409 3110 maxima
429 3071 564 3128 quaeque
585 3053 692 3112 domus
714 3052 804 3113 servis
825 3065 870 3114 est
890 3056 980 3131 plena
1000 3054 1142 3132 superbis.

281 3169 351 3209 ecce
372 3149 445 3209 alius
466 3162 579 3226 quanto
599 3151 728 3227 porrexit
748 3172 896 3212 murmure
918 3173 1026 3229 panem

281 3247 329 3304 vix
349 3248 482 3320 fractum,
505 3247 618 3308 solidae
638 3250 698 3308 iam
720 3249 840 3333 mucida
860 3251 950 3310 frusta
970 3249 1090 3323 farinae,

281 3362 356 3417 quae
378 3344 539 3418 genuinum
561 3345 681 3422 agitent,
703 3366 766 3406 non
786 3346 972 3407 admittentia
992 3367 1131 3408 morsum.

281 3442 335 3500 sed
356 3453 438 3501 tener
458 3454 487 3502 et
509 3443 610 3503 niveus
632 3445 774 3521 mollique
795 3445 908 3524 siligine
929 3447 1014 3505 fictus
1247 3465 1279 3518 70

330 3665 359 3711 41
394 3612 530 3700 aciiibsP:
542 3654 650 3716 perhaps
661 3654 782 3703 observet.
816 3657 897 3702 amico
1012 3673 1042 3719 4²
1077 3656 1161 3708 illiP:
1180 3657 1279 3723 illicpu

283 3741 314 3776 70
346 3730 467 3779 fictusP:
484 3733 588 3802 sactusp
1193 3723 1197 3730 ι
