2992 4134
248 345 287 390 22
645 336 845 386 lVVENALlS

247 489 368 548 arderet
412 487 485 545 nulli
506 485 599 545 maior
619 485 674 545 fuit
695 504 765 544 usus
787 484 896 544 edendi

247 595 424 663 tempestate
445 603 529 657 mea3
556 583 669 644 Circeis
690 593 760 641 nata
780 584 877 642 forent
897 601 936 642 an

248 685 407 744 Lucrinum
428 683 467 742 ad
488 700 590 741 saxum
613 680 805 757 Rutupinove
827 679 906 740 edita
926 681 1019 740 fundo

247 793 344 842 ostrea
364 782 491 841 callebat
511 780 608 857 primo
629 780 814 856 deprendere
835 798 942 851 morsu,

247 893 276 939 et
298 880 389 939 semel
410 877 523 955 aspecti
543 877 612 937 litus
633 876 752 937 dicebat
773 876 878 936 echini.

247 976 371 1053 surgitur
391 987 421 1036 et
442 975 533 1034 misso
554 994 691 1051 proceres
712 974 791 1034 exire
813 974 950 1034 iubentur

247 1074 379 1147 consilio,
402 1093 477 1150 quos
497 1074 646 1133 Albanam
667 1073 729 1131 dux
750 1092 873 1149 magnus
895 1072 925 1132 in
946 1093 1043 1134 arcem

246 1184 372 1234 traxerat
392 1171 534 1231 attonitos
555 1182 585 1230 et
606 1169 743 1230 festinare
765 1183 884 1231 coactos

247 1281 397 1346 tamquam
419 1270 457 1328 de
478 1268 594 1329 Chattis
615 1268 727 1344 aliquid
748 1269 897 1344 torvisque
918 1269 1082 1345 Sycambris

247 1367 385 1438 dicturus,
408 1380 558 1442 tamquam
581 1377 610 1424 et
631 1365 753 1425 diversis
774 1366 905 1442 partibus
927 1367 1006 1426 orbis

247 1465 333 1524 anxia
353 1462 506 1540 praecipiti
527 1461 654 1522 venisset
675 1462 801 1538 epistula
821 1463 921 1539 pinna.

247 1571 337 1637 atque
358 1560 472 1620 utinam
493 1559 539 1619 his
560 1557 658 1635 potius
680 1558 764 1635 nugis
786 1569 848 1618 tota
869 1558 917 1617 illa
938 1559 1069 1620 dedisset

248 1671 381 1735 tempora
401 1657 548 1728 saevitiae,
571 1658 663 1717 claras
684 1657 791 1734 quibus
812 1657 933 1717 abstulit
954 1658 1019 1717 urbi

247 1759 442 1833 inlustresque
463 1755 576 1814 animas
598 1755 718 1832 impune
740 1767 770 1816 et
791 1754 909 1816 vindice
930 1757 1021 1814 nullo.

247 1855 300 1913 sed
322 1853 407 1929 periit
427 1841 586 1929 postquam
607 1852 786 1911 cerdonibus
807 1871 872 1911 esse
893 1851 1042 1912 timendus

247 1961 393 2025 coeperat
437 1950 494 2008 hoc
515 1949 617 2008 nocuit
639 1949 807 2009 lamiarum
829 1950 921 2009 caede
943 1948 1082 2009 madenti.

632 2405 797 2464 SATVRA
825 2409 861 2465 V.

247 2576 277 2636 Si
298 2588 327 2636 te
348 2577 492 2653 propositi
513 2579 647 2639 nondum
668 2583 763 2657 pudet
783 2594 873 2659 atque
894 2586 999 2644 eadem
1020 2598 1064 2646 est
1086 2606 1179 2661 mens,
1274 2634 1276 2639 ,

248 2684 279 2732 ut
300 2676 380 2732 bona
401 2694 517 2732 summa
538 2688 624 2751 putes
646 2678 742 2737 aliena
763 2679 860 2740 vivere
882 2676 1027 2758 quadra‚⁵·'¹
1089 2664 1237 2741 ,Ψυῗλ
1275 2675 1282 2689 ’

247 2772 270 2830 si
293 2783 378 2847 potes
400 2771 449 2829 illa
469 2773 529 2847 pati
551 2791 628 2846 quae
650 2795 705 2834 nec
727 2778 898 2836 Sarmentus
919 2779 1035 2856 iniquas
1064 2776 1085 2811 ³·
1250 2760 1260 2792 ’ί

248 2869 381 2930 Caesaris
403 2869 441 2926 ad
461 2887 577 2928 mensas
601 2889 657 2929 nec
678 2871 742 2930 vilis
765 2874 871 2933 Gabba
894 2876 1016 2951 tulisset,

247 2965 381 3041 quamvis
402 2965 496 3024 iurato
517 2977 648 3026 metuam
671 2967 724 3028 tibi
745 2971 864 3030 credere
887 2973 961 3032 testi.
1230 2999 1245 3054 5

247 3074 347 3123 ventre
369 3062 441 3121 nihil
462 3063 531 3123 novi
552 3064 697 3142 frugalius.
742 3067 800 3126 hoc
820 3079 920 3129 tamen
942 3070 1039 3147 ipsum

248 3160 390 3220 defecisse
411 3172 491 3237 puta,
514 3165 597 3238 quod
617 3163 697 3223 inani
719 3165 825 3225 sufficit
847 3168 932 3227 alvo:

248 3259 328 3316 nulla
348 3259 469 3335 crepido
490 3266 597 3321 vacat?
624 3282 771 3340 nusquam
794 3284 871 3341 pons
893 3277 922 3326 et
944 3265 1048 3343 tegetis
1069 3289 1137 3345 pars

248 3354 370 3414 dimidia
391 3357 528 3416 brevior?
556 3359 669 3419 tantine
690 3360 795 3422 iniuria
815 3382 917 3435 cenae,

346 3533 391 3591 148
424 3538 551 3596 tamquam
562 3540 587 3582 et
600 3535 648 3582 PT
655 3553 661 3585 :
680 3542 807 3601 tamquam
819 3551 852 3586 u:
869 3544 997 3603 tamquam
1009 3555 1039 3589 ex
1051 3541 1131 3588 Beck.

344 3625 389 3675 v4
423 3613 735 3681 GabbaPTrGalbapu
772 3621 774 3625 ⁴
