2992 4134
258 377 299 438 34
653 366 853 416 rvvrrunirs

256 519 331 576 haec
351 514 434 575 dabit
455 516 595 575 affectus:
624 513 690 574 ‘ille
711 514 899 574 excludatur’
921 511 1034 571 amicus

257 615 315 674 iarn
337 616 443 688 senior,
464 613 549 674 cuius
571 613 693 673 barbam
715 622 767 671 tua
787 610 877 670 ianua
896 609 978 669 vidit.

257 711 385 772 testandi
405 731 473 772 cunr
495 711 532 770 sit
553 710 713 771 lenonibus
734 720 824 785 atque
845 707 960 767 lanistis

257 809 375 870 libertas
397 821 426 870 et
447 809 516 870 iuris
537 809 617 870 idem
639 807 794 884 contingat
815 808 952 878 harenae,

258 926 320 966 non
341 927 417 968 unus
439 908 493 968 tibi
513 905 611 966 rivalis
631 903 792 966 dictabitur
811 905 905 964 heres.

261 1010 355 1083 ‘pone
377 1026 495 1066 cmccm
516 1004 619 1065 servo!
662 1001 787 1063 ‘meruit
807 1021 867 1078 quo
888 999 1012 1060 crimine
1033 1018 1133 1059 servus

259 1103 460 1181 supplicium?
488 1102 553 1180 quis
574 1101 656 1162 testis
678 1101 785 1160 adest?
813 1098 878 1176 quis
899 1097 1027 1159 detulit?
1054 1097 1143 1172 audi3
1210 1119 1259 1156 220

259 1201 341 1260 nulla
360 1219 503 1276 umquam
525 1201 563 1259 de
584 1209 680 1258 morte
700 1197 830 1258 hominis
850 1195 1002 1258 cunctatio
1023 1197 1113 1272 longa
1134 1194 1196 1256 est.'

263 1300 299 1357 ‘o
319 1299 451 1371 demens,
474 1295 516 1356 ita
536 1316 636 1357 servus
657 1297 749 1356 homo
771 1295 838 1356 est?
865 1295 907 1355 nil
928 1292 1039 1366 fecerit,
1061 1304 1143 1354 esto:
1175 1311 1178 1318 ’

259 1398 318 1455 hoc
339 1396 417 1468 volo,
440 1393 482 1454 sic
502 1393 601 1466 iubeo,
624 1393 661 1453 sit
682 1413 737 1471 pro
757 1392 873 1454 ratione
893 1391 1049 1453 voluntas!

260 1492 384 1570 imperat
404 1512 474 1569 ergo
495 1491 566 1553 viro.
609 1494 663 1552 scd
684 1511 755 1552 mox
775 1493 851 1552 haec
871 1509 961 1568 regna
981 1487 1120 1565 relinquit

260 1599 468 1666 permutatque
488 1591 596 1650 domos
617 1600 647 1649 ct
668 1589 806 1648 flammea
827 1587 963 1661 conterit,
985 1586 1056 1647 inde

260 1690 357 1747 avolat
379 1691 408 1747 'et
429 1687 518 1764 spreti
539 1685 645 1764 repetit
666 1685 792 1763 vestigia
810 1686 898 1761 lecti3

260 1797 378 1846 ornatas
398 1786 488 1863 paulo
509 1796 579 1844 ante
600 1786 687 1857 sores,
708 1783 872 1862 pendentia
892 1782 1001 1859 linquit

260 1885 325 1943 vela
345 1883 453 1941 domus
474 1893 503 1941 et
525 1883 624 1942 adhuc
644 1881 752 1941 virides
774 1880 805 1940 in
825 1879 928 1940 limine
949 1899 1056 1940 ramos.

261 1979 304 2040 sic
324 1978 428 2039 crescit
448 1999 596 2052 numerus,
619 1978 661 2039 sic
682 1981 757 2037 frunt
778 1989 847 2038 octo
869 1977 965 2036 mariti

261 2075 393 2153 quinque
413 2096 466 2154 per
487 2087 655 2148 autumnos,
679 2078 765 2136 titulo
786 2094 832 2135 res
854 2075 946 2152 digna
966 2073 1100 2152 sepulcri.
1212 2098 1261 2149 230

301 2174 488 2250 desperanda
509 2173 563 2233 tibi
583 2174 665 2232 salva
685 2171 846 2233 concordia
868 2193 960 2234 socru.

261 2268 311 2328 illa
331 2271 420 2330 docet
441 2270 544 2347 spoliis
564 2269 638 2330 nudi
658 2272 788 2346 gaudere
809 2269 913 2344 mariti,

175 2374 176 2377 ’
262 2368 312 2427 illa
332 2370 422 2430 docet
442 2369 539 2429 missis
560 2389 578 2428 a
599 2380 770 2446 corruptore
791 2368 907 2428 tabellis

262 2465 303 2525 nil
324 2469 398 2526 rude
420 2486 476 2527 nec
497 2466 624 2543 simplex
644 2465 813 2539 rescribere,
835 2465 946 2544 decipit
967 2465 1017 2525 illa

262 2564 400 2622 custodes
422 2574 474 2624 aut
494 2583 562 2625 aere
583 2565 692 2624 domat.
737 2575 809 2623 tunc
829 2583 953 2641 corpore
975 2583 1047 2624 sano

262 2662 387 2719 advocat
409 2659 597 2735 Archigenen
618 2680 804 2737 onerosaque
825 2662 915 2738 pallia
935 2661 1035 2722 iactat.

262 2757 380 2815 abditus
402 2756 515 2816 interea
535 2759 608 2816 latet
629 2768 659 2816 et
680 2767 810 2818 secretus
831 2760 953 2819 adulter.

263 2854 373 2915 scilicet
394 2866 532 2932 expectas
554 2865 586 2914 ut
607 2856 704 2914 tradat
725 2867 820 2915 mater
840 2857 982 2916 honestos

262 2962 353 3027 atque
373 2951 447 3010 alios
469 2971 566 3012 mores
588 2970 678 3027 quam
699 2972 775 3028 quos
796 2954 911 3013 habet?
938 2950 1010 3013 utile
1031 2972 1118 3029 porro

262 3049 383 3109 filiolam
405 3048 482 3125 turpi
503 3050 619 3109 vetulae
640 3050 805 3127 producere
825 3060 951 3129 turpem.

302 3148 384 3206 nulla
405 3148 464 3206 sere
485 3166 574 3207 causa
595 3159 640 3207 est
661 3147 692 3206 in
713 3167 774 3224 qua
794 3168 856 3208 non
876 3148 987 3209 femina
1008 3147 1090 3208 litem

263 3242 408 3326 moverit
439 3256 558 3304 accusat
581 3244 714 3317 Manilia,
737 3244 762 3304 si
783 3263 833 3304 rea
853 3264 916 3305 non
938 3255 990 3305 est.

264 3351 439 3416 conponunt
459 3341 542 3417 ipsae
562 3361 616 3418 per
636 3361 668 3402 se
689 3343 878 3419 formantque
898 3341 1023 3414 libellos,

263 3437 441 3516 principium
462 3451 552 3515 atque
573 3440 656 3500 locos
677 3441 767 3502 Celso
789 3438 900 3502 dictare
921 3452 1049 3516 paratae

304 3535 494 3596 endromidas
516 3535 619 3613 Tyrias
641 3546 669 3597 et
691 3537 851 3598 femineum
873 3557 994 3599 ceroma

253 3622 330 3711 ¹quis
351 3632 454 3705 nescit,
476 3634 524 3694 vel
544 3633 610 3709 quis
632 3653 693 3694 non
714 3633 788 3694 vidit
809 3637 932 3695 vulnera
952 3634 1035 3713 pali?
