2992 4134
541 353 653 403 LIBER
676 354 712 404 11.
735 354 880 406 SATVRA
903 355 949 404 Vl.

244 518 335 560 nemo
355 501 584 565 mathematicus
604 502 726 581 genium
747 501 939 564 indemnatus
960 503 1092 576 habebit,

244 598 298 657 sed
317 597 370 674 qui
390 618 487 676 paene
508 599 593 678 perit,
615 600 664 661 cui
684 599 732 661 vix
752 600 784 660 in
805 601 939 679 Cyclada
959 601 1036 662 mitti

244 696 369 786 cmi-tigit
389 709 420 760 et
440 716 532 775 parva
551 701 675 761 tandem
688 700 829 793 Q
848 701 983 779 Seripho.

245 794 373 855 consulit
382 795 531 889 Qe
551 797 634 858 lento
655 797 695 859 de
715 798 820 858 sunere
840 797 951 871 matris,
1199 810 1245 874 565

244 903 313 952 ante
333 903 436 953 tamen
456 894 495 954 de
515 903 547 954 te
566 893 717 971 Tanaquil
738 906 797 967 tua,
819 897 941 972 quando
962 914 1093 956 sororem

244 989 344 1077 eliepat
366 1001 396 1050 et
417 1001 548 1067 patruos,
570 1009 609 1050 an
630 989 669 1051 sit
689 991 820 1052 victurus
840 993 957 1053 adulter

244 1098 312 1163 post
332 1086 428 1166 ipsam
438 1111 447 1163 3
475 1087 549 1166 quid
569 1087 651 1149 enim
673 1087 769 1149 maius
790 1090 860 1150 dare
881 1090 1004 1150 numina
1025 1093 1172 1168 possunt?

243 1185 299 1244 hae
319 1197 421 1246 tamen
441 1186 579 1264 ignorant
600 1186 675 1265 quid
695 1186 779 1267 sidus
799 1187 883 1248 triste
903 1190 1031 1277 minetur

244 1282 368 1356 Saturni,
390 1301 452 1360 quo
471 1285 549 1344 laeta
569 1285 673 1344 Venus
693 1303 726 1344 se
747 1286 875 1363 proferat
896 1297 984 1360 astro,
1197 1307 1245 1362 570

243 1379 308 1456 quis
329 1381 440 1441 mensis
461 1380 587 1454 damnis,
609 1400 687 1459 quae
708 1383 817 1443 dentur
838 1395 975 1461 tempora
996 1384 1096 1444 lucro:

243 1479 319 1540 illius
340 1499 481 1541 occursus
502 1481 592 1541 etiam
613 1479 706 1541 vitare
727 1493 888 1556 memento,

242 1579 273 1639 in
293 1580 379 1640 cuius
399 1578 539 1640 manibus
559 1598 615 1642 ceu
636 1579 760 1657 pinguia
780 1579 883 1640 sucina
903 1578 985 1640 tritas

241 1677 339 1737 cernis
360 1675 576 1754 ephemeridas,
599 1696 678 1754 quae
698 1678 815 1737 nullum
836 1676 965 1738 consulit
986 1687 1016 1736 et
1037 1677 1095 1736 iam

241 1773 414 1847 consulitur,
436 1793 513 1850 quae
533 1785 631 1834 castra
650 1773 714 1834 viro
735 1773 923 1851 patriamque
944 1786 1068 1850 petente
1197 1796 1243 1850 575

241 1891 305 1932 non
325 1869 381 1931 ibit
400 1869 510 1948 pariter
529 1869 659 1932 numeris
681 1882 821 1932 revocata
841 1871 994 1949 Thrasylli.

240 1970 280 2028 ad
301 1966 430 2044 primum
451 1965 582 2044 lapidem
603 1967 714 2028 vectari
735 1987 804 2027 cum
826 1970 932 2045 placet,
956 1970 1028 2028 hora

241 2064 367 2125 sumitur
387 2084 423 2125 ex
443 2064 537 2140 libro;
566 2065 591 2126 si
611 2066 703 2143 prurit
723 2065 827 2127 frictus
848 2067 935 2128 ocelli

241 2166 376 2240 angulus,
399 2162 535 2241 inspecta
553 2164 656 2242 genesi
677 2163 798 2242 collyria
818 2165 933 2244 poscit,

241 2279 329 2337 aegra
348 2260 418 2320 licet
438 2259 543 2331 iaceat,
564 2262 713 2338 capiendo
734 2265 817 2323 nulla
837 2263 954 2324 videtur
1196 2274 1244 2339 580

241 2356 337 2435 aptior
357 2360 430 2417 hora
450 2357 520 2419 cibo
540 2357 598 2419 nisi
619 2379 708 2436 quam
731 2359 846 2420 dederit
869 2359 1018 2421 Petosiris.

241 2457 267 2518 si
287 2456 445 2517 mediocris
466 2456 529 2529 erit,
552 2457 680 2532 spatium
701 2457 838 2518 lustrabit
858 2458 1008 2534 utrimque

241 2567 386 2616 metarum
408 2567 437 2616 et
458 2567 552 2616 sortes
573 2558 664 2618 ducet
685 2558 873 2633 frontemque
895 2575 1077 2632 manumque

241 2651 395 2729 praebebit
417 2651 476 2712 vati
497 2653 633 2713 crebrum
655 2672 824 2731 poppysma
844 2652 968 2731 roganti.

241 2750 382 2811 divitibus
402 2769 545 2826 responsa
565 2751 680 2812 dabunt
702 2753 800 2827 Phryx
821 2771 914 2828 augur
934 2762 964 2811 et
987 2751 1090 2822 Indae,
1195 2761 1240 2825 585

241 2848 408 2908 conductus
428 2846 512 2908 dabit
533 2860 677 2908 astrorum
698 2848 864 2925 mundique
885 2847 996 2926 peritus

241 2956 330 3022 atque
351 2943 457 3020 aliquis
478 2944 577 3005 senior
597 2943 649 3021 qui
669 2944 790 3022 publica
810 2946 924 3023 fulgura
945 2945 1065 3006 condit:

1177 1146 1248 1191 N

241 3040 389 3119 plebeium
411 3040 442 3098 in
462 3039 542 3101 circo
562 3039 693 3119 positum
715 3052 760 3101 est
780 3051 810 3101 et
831 3039 861 3098 in
883 3059 988 3118 aggere
1008 3042 1101 3100 fatum
1111 3065 1119 3116 3

241 3158 317 3215 quae
337 3136 425 3198 nudis
445 3138 569 3213 longum
589 3137 720 3197 ostendit
740 3135 903 3198 cervicibus
923 3156 1037 3209 aurum,

241 3236 368 3297 consulit
388 3246 458 3295 ante
478 3235 551 3294 falas
571 3235 841 3311 delphinorumque
862 3235 1025 3307 columnas,
1192 3257 1240 3310 590

241 3353 279 3393 an
300 3353 370 3434 &a
390 3331 532 3393 vendenti
554 3333 647 3392 nubat
667 3350 805 3426 cgrpone
825 3331 936 3392 relicto
990 3402 1022 3421 κ

279 3432 337 3492 hae
357 3441 459 3489 tamen
480 3440 510 3489 et
531 3440 631 3506 partus
652 3430 782 3489 subeunt
803 3427 961 3490 discrimen
983 3440 1013 3490 et
1034 3430 1131 3491 omnis

265 3630 311 3691 585
345 3627 487 3676 dabuntPr
505 3625 575 3675 dabit
581 3633 602 3690 p
660 3625 739 3675 Indae
746 3624 842 3674 Eridu:
861 3624 919 3674 inde
926 3625 984 3674 Pu:
1001 3625 1082 3675 indus
1090 3641 1151 3674 corne
1158 3641 1218 3672 ross.

487 3838 617 3875 Α
