2992 4134
261 377 295 421 12
653 377 853 427 IVVENALIS

254 521 296 581 sic
317 521 432 581 libitum
453 541 538 592 vano,
562 521 688 598 quinos
710 523 851 594 distinxit,
874 525 1027 595 Othoni.

254 612 321 695 quis
341 639 432 696 gener
451 609 500 677 hic
522 619 657 720 placuit
653 640 744 680 censu
766 621 865 680 minor
885 632 974 698 atque
995 624 1110 699 puellae
1207 635 1253 685 160

254 715 432 776 sarcinulis
425 720 540 793 impar?
565 716 645 813 quis
651 737 765 796 pauper
785 718 920 784 scribitur
940 721 1048 779 heres?

254 813 404 889 quando
396 833 426 872 m
448 813 573 873 consilio
594 804 640 874 est
648 815 827 877 aedilibus?
854 818 973 906 agmine
992 820 1072 878 sacto

231 950 234 956 ·
255 913 417 1000 debuerant
438 912 509 973 olim
532 925 635 972 tenues
656 913 796 990 migrasse
818 915 915 991 Quirit
916 936 956 976 es.

254 982 326 1099 baiit
345 1009 431 1102 facile
452 1021 606 1086 emergunt
627 1029 754 1086 quorum
777 1012 932 1072 virtutibus
954 1025 1052 1090 opstat
1113 1049 1115 1052 .

254 1127 300 1168 res
320 1093 445 1184 angusta
465 1107 556 1179 domi,
578 1109 631 1167 sed
654 1110 770 1180 Romae
792 1110 892 1169 durior
912 1109 969 1169 illis
1146 1131 1149 1140 ·
1207 1123 1252 1185 165

254 1216 395 1265 conatus:
424 1223 533 1281 magno
554 1205 716 1283 hospitium
738 1208 914 1279 miserabile,
937 1227 1046 1284 magno

255 1322 414 1401 serverum
427 1314 552 1374 ventres,
575 1314 605 1363 et
625 1304 701 1380 frugi
721 1306 828 1365 cenula
849 1324 965 1381 magne.

256 1365 393 1477 fictilibus
414 1419 520 1460 cenare
542 1403 643 1477 pudet,
665 1389 748 1491 qiiod
770 1415 856 1479 turpe
876 1401 999 1479 negabis

224 1508 227 1519 '
255 1500 410 1575 translatus
431 1498 529 1558 subito
550 1500 590 1558 ad
612 1479 728 1558 Marsos
750 1518 944 1575 mensamque
966 1486 1111 1559 Sabellam

255 1608 473 1673 contentusque
494 1597 553 1655 illic
574 1608 681 1657 veneto
702 1599 853 1673 duroque
850 1599 983 1657 cucullo,
1209 1620 1254 1668 170

256 1714 324 1778 pars
344 1715 452 1772 magna
474 1695 578 1755 Italiae
598 1700 651 1769 est,
675 1694 701 1754 si
721 1714 822 1754 verum
844 1695 1066 1764 admittimuss
1059 1716 1089 1755 ιιι
1110 1716 1169 1772 qua
1267 1691 1268 1694 ’

256 1812 346 1852 nemo
368 1804 466 1868 togam
488 1792 577 1851 sumit
598 1791 654 1850 nisi
674 1803 815 1852 mortuus.
858 1792 922 1874 ipsa
942 1741 1057 1853 dieruin

238 1894 397 1952 'festorum
418 1893 547 1951 herboso
567 1889 638 1950 colit
627 1902 672 1949 tur
693 1890 717 1951 si
738 1892 860 1967 qubndo
881 1894 995 1952 theatro

256 1990 394 2050 maiestas
415 1990 595 2101 tapdemque
616 1988 693 2048 redit
713 1990 752 2053 ad
773 1989 887 2065 pulpita
907 2001 1013 2049 notum
1178 2073 1181 2078 Ι

257 2088 404 2160 exodium,
427 2107 493 2146 curn
516 2105 660 2163 personae
682 2087 836 2171 pallentis
839 2087 951 2147 hiatum
1210 2107 1254 2158 175

257 2186 288 2245 ιιι
307 2187 419 2264 gremio
440 2188 541 2245 matris
561 2184 698 2246 formidat
719 2176 843 2246 rusticus
864 2186 969 2260 infans,

257 2272 394 2366 aequales
415 2284 533 2344 habitus
554 2283 614 2343 illic
635 2283 804 2361 similesque
826 2284 955 2345 videbis

258 2383 436 2469 orchestram
458 2391 487 2440 et
508 2382 672 2457 populum;
700 2381 770 2440 clari
791 2352 927 2441 νειιιιιειι
949 2378 1068 2438 honoris

258 2459 406 2547 sufficiunt
425 2467 553 2537 tunicae
565 2477 687 2537 summis
708 2477 854 2537 aedilibus
875 2477 968 2536 albae

258 2558 305 2634 hic
327 2578 401 2635 ultra
421 2575 497 2636 vires
518 2575 700 2635 habitust
657 2550 700 2634 nit
701 2595 743 2648 οι,
765 2576 814 2633 hic
834 2574 944 2684 aliquid
967 2576 1034 2650 plus
1099 2589 1102 2597 ’
1212 2579 1257 2628 ι8ο

264 2689 346 2749 quam
368 2673 437 2732 satis
459 2684 504 2732 est
524 2672 672 2732 interdum
694 2671 792 2731 aliena
813 2673 936 2732 sumitur
957 2693 1032 2731 arca.

276 2787 418 2846 ommune
438 2750 470 2829 id
490 2769 593 2828 vitium
615 2779 668 2838 est,
690 2767 738 2826 hic
759 2768 884 2827 vivimus
904 2768 1062 2827 ambitiosa
1273 2744 1288 2845 ι,

280 2877 431 2943 aupertate
453 2884 566 2925 ornnes.
609 2864 682 2940 quid
704 2875 733 2923 te
754 2864 874 2922 moror?
903 2862 1003 2933 omnia
1024 2866 1141 2920 Romae
1273 2858 1286 2867 ”

268 2980 328 3023 :um
349 2962 452 3040 pretio.
495 2963 569 3038 quid
590 2946 659 3032 das,¹
673 2961 856 3053 uffiossum
877 2959 1038 3036 aliquando
1059 2959 1189 3015 salutes?
1266 2952 1292 3014 ,’

256 3026 291 3141 dt
313 3073 343 3123 te
363 3054 499 3139 respiciat
520 3061 622 3119 clauso
642 3027 772 3127 Veienio
793 3054 925 3117 labello?

256 3155 309 3228 ille
330 3159 414 3220 metit
436 3162 570 3245 barbam,
592 3157 704 3219 crinem
726 3155 775 3214 hic
796 3155 921 3232 deponit
941 3153 1049 3229 amati,

256 3258 377 3357 plqpa
369 3261 477 3318 domus
497 3238 564 3343 libis
585 3254 746 3315 venalibus.
792 3251 921 3336 “accipe
942 3262 972 3311 et
993 3251 1030 3310 ist
1019 3200 1072 3309 trid
1171 3326 1174 3334 Α

245 3338 438 3448 ‘fermentum
459 3354 514 3416 tibi
534 3355 639 3413 habe.''
681 3363 830 3429 praestare
851 3349 961 3410 tributa
982 3350 1104 3409 clientes

221 3470 228 3545 ι·
256 3444 394 3534 cogimur
414 3467 443 3516 et
464 3453 550 3513 cultis
570 3470 678 3528 augere
699 3450 815 3527 peculia
836 3448 933 3508 servis.

492 3659 538 3714 168
570 3659 685 3725 negabis]
705 3658 805 3708 necabis
822 3611 858 3708 [ξι
880 3657 979 3722 negavit
990 3663 1031 3721 pu
