2992 4134
518 365 630 416 LIBER
653 366 691 416 11.
714 365 858 416 SATVRA
880 365 927 416 Vl.
1178 371 1217 433 41

222 513 249 574 si
269 513 323 575 tibi
344 513 493 592 displicuit
513 532 604 574 nasus
624 515 715 575 tuus?
741 515 835 573 altera
855 514 972 574 laevum
1173 534 1221 588 495

223 611 356 672 extendit
376 610 529 689 pectitque
550 630 653 671 comas
674 622 704 671 et
725 609 818 670 volvit
839 608 870 669 in
891 610 1002 670 orbem.

224 719 269 767 est
288 707 320 766 in
341 707 468 769 consilio
488 719 622 768 materna
642 708 825 783 admotaque
845 705 921 765 lanis

224 807 348 866 emerita
367 824 445 882 quae
465 817 561 866 cessat
582 825 638 866 acu
648 826 657 879 ;
685 803 834 866 sententia
855 803 950 881 prima

225 903 312 963 huius
333 903 396 976 erit,
417 913 485 979 post
506 903 584 962 hanc
605 911 703 962 aetate
723 912 814 977 atque
834 911 897 960 arte
918 899 1048 961 minores

224 1001 398 1072 censebunt,
421 1010 573 1076 tamquam
595 1002 691 1059 famae
711 997 870 1059 discrimen
892 1010 995 1076 agatur
1176 1020 1224 1074 500

225 1110 275 1158 aut
297 1096 422 1157 animae.
464 1107 547 1155 tanta
568 1107 613 1156 est
635 1093 798 1171 quaerendi
818 1113 889 1153 cura
909 1092 1026 1155 decoris
1036 1117 1045 1169 3

226 1207 270 1256 tot
291 1197 398 1274 premit
420 1194 582 1267 ordinibus,
604 1205 650 1254 tot
671 1194 770 1253 adhuc
791 1191 978 1270 conpagibus
998 1195 1092 1252 altum

226 1295 362 1356 aedificat
383 1304 481 1370 caput.
522 1292 755 1352 Andromachen
776 1310 795 1350 a
814 1291 912 1350 fronte
932 1288 1057 1362 videbis,

226 1405 294 1472 post
315 1393 413 1452 minor
434 1402 487 1464 est,
509 1392 614 1452 credas
633 1389 731 1450 aliam.
775 1389 862 1462 cedo,
883 1387 908 1446 si
929 1389 1018 1448 breve
1039 1388 1121 1464 parvi

227 1492 329 1551 sortita
349 1502 393 1551 est
414 1488 512 1550 lateris
533 1487 670 1567 spatium,
692 1486 868 1563 breviorque
888 1484 1005 1545 videtur
1177 1504 1224 1558 505

226 1587 338 1664 virgine
359 1590 507 1664 Pygmaea
528 1584 617 1644 nullis
637 1582 738 1644 adiuta
759 1579 919 1652 cothurnis,

226 1697 256 1744 et
276 1684 348 1745 levis
370 1695 468 1744 erecta
489 1681 640 1758 consurgit
660 1683 699 1741 ad
721 1681 825 1740 oscula
845 1680 957 1755 planta.

266 1782 347 1839 nulla
367 1780 421 1839 viri
441 1799 513 1841 cura
532 1777 645 1838 interea
666 1797 723 1838 nec
743 1776 859 1836 mentio
879 1777 931 1835 fiet

227 1881 413 1940 damnorum.
457 1875 530 1937 vivit
550 1887 702 1952 tamquam
723 1873 822 1935 vicina
842 1871 948 1946 mariti,

225 1978 286 2036 hoc
307 1977 372 2034 solo
392 1974 514 2051 propior
534 1975 616 2050 quod
638 1972 751 2033 amicos
772 1970 907 2047 coniugis
928 1970 992 2032 odit
1179 1992 1227 2046 510

227 2083 258 2132 et
279 2090 387 2145 servos,
409 2070 524 2147 gravior
544 2069 716 2130 rationibus.
762 2088 833 2130 ecce
853 2069 975 2130 furentis

228 2171 371 2234 Bellonae
390 2166 552 2242 matrisque
572 2167 662 2227 deum
683 2167 792 2226 chorus
813 2164 902 2226 intrat
923 2176 953 2226 et
972 2166 1078 2243 ingens

231 2234 339 2325 (iollas
359 2267 445 2336 adest,
468 2264 516 2322 cui
537 2283 625 2323 rauca
647 2265 763 2336 cohors,
785 2262 833 2324 cui
855 2275 998 2340 tympana
1018 2264 1137 2333 cedunt,
1180 2284 1224 2336 515

228 2362 348 2438 plebeia
368 2373 397 2421 et
419 2359 544 2438 Phrygia
564 2360 685 2420 vestitur
706 2362 802 2421 bucca
821 2359 903 2419 tiara.

229 2461 340 2539 grande
362 2472 448 2520 sonat
469 2459 620 2537 metuique
641 2459 725 2520 iubet
746 2458 924 2535 septembris
945 2468 975 2519 et
995 2456 1086 2517 austri

229 2560 400 2629 adventum,
422 2555 479 2616 nisi
500 2575 531 2616 se
552 2568 672 2617 centum
693 2555 858 2616 lustraverit
878 2555 942 2615 ovis

230 2668 260 2716 et
279 2654 494 2733 xerampelinas
513 2665 627 2715 veteres
647 2655 800 2715 donaverit
821 2652 887 2729 ipsi,

231 2766 262 2814 ut
283 2752 429 2830 quidquid
450 2750 540 2812 subiti
561 2763 591 2812 et
612 2751 712 2830 magni
732 2750 911 2811 discriminis
932 2749 1030 2822 instat,
1181 2769 1229 2823 520

231 2851 261 2909 in
283 2849 396 2910 tunicas
418 2861 466 2909 eat
486 2859 516 2909 et
537 2860 634 2909 totum
655 2851 747 2909 semel
769 2848 867 2927 expiet
887 2869 1007 2909 annum.

231 2947 388 3006 hibernum
409 2947 501 3004 fracta
520 2945 616 3022 glacie
637 2948 801 3008 descendet
822 2946 853 3004 in
874 2964 1003 3018 amnem,

232 3058 276 3103 ter
296 3042 443 3103 matutino
464 3042 566 3103 Tiberi
585 3055 734 3120 mergetur
755 3054 785 3103 et
806 3042 878 3118 ipsis

232 3139 389 3201 verticibus
411 3140 550 3201 timidum
572 3153 662 3216 caput
683 3143 793 3213 abluet,
817 3139 888 3200 inde
909 3138 1029 3216 superbi

232 3251 328 3299 totum
349 3239 425 3316 regis
445 3258 549 3317 agrum
570 3239 651 3299 nuda
671 3258 706 3297 ac
727 3235 917 3298 tremibunda
938 3235 1068 3297 cruentis
1183 3255 1230 3308 525

232 3348 334 3414 erepet
353 3337 498 3414 genibus3
525 3336 550 3396 si
570 3335 701 3397 candida
721 3334 837 3395 iusserit
859 3337 903 3406 Io,

283 3550 327 3598 511
362 3535 460 3599 gravior
470 3534 607 3584 rationibus
617 3534 713 3584 Balch:
730 3532 937 3596 gravirationibus
948 3533 987 3581 P:
1004 3532 1085 3596 gravis
1096 3531 1231 3578 rationibus

237 3617 263 3666 T
268 3635 275 3666 t
291 3618 372 3680 gravis
387 3624 424 3664 est
438 3615 576 3664 rationibus
581 3624 622 3679 po
