2992 4134
282 346 324 425 76
683 356 881 408 rvvnrraurs

282 519 311 566 et
332 506 393 566 cito
414 526 533 566 casurus
553 506 612 566 ianr
634 509 807 584 perlucente
828 490 921 567 ruina.¹

282 601 395 663 interea
414 614 516 681 gustus
537 605 686 665 elementa
705 623 759 682 per
779 603 880 664 omnia
900 615 1045 680 quaerunt

283 719 445 777 numquam
467 701 568 762 animo
589 701 691 779 pretiis
711 702 900 778 opstantibus
910 725 919 777 3
947 701 1069 761 interius
1090 700 1114 759 si
1257 722 1284 774 ¹5

283 798 437 871 adtendas,
459 801 553 876 magis
573 800 624 858 illa
644 799 746 858 iuvant
768 818 846 875 quae
866 798 958 876 pluris
978 811 1119 860 ementur.

283 915 353 973 ergo
374 897 446 954 haut
467 893 586 954 difficile
606 907 651 955 est
671 895 833 972 perituram
855 914 1001 956 arcessere
1021 915 1168 955 summam

283 993 417 1053 lancibus
438 991 584 1069 oppositis
604 994 653 1051 vel
673 991 776 1052 matris
797 991 926 1070 imagine
947 994 1047 1067 fracta,

283 1100 314 1149 et
334 1087 557 1165 quadringentis
577 1088 708 1148 nummis
729 1087 852 1149 condire
872 1091 1008 1168 gulosum

284 1186 392 1260 fictile3
419 1185 463 1245 sic
483 1185 607 1246 veniunt
627 1188 667 1247 ad
687 1172 870 1247 miscillauea
890 1186 960 1247 ludi.

284 1286 370 1344 refert
391 1302 460 1360 ergo
481 1282 547 1359 quis
568 1285 644 1343 haec
664 1284 771 1344 eadem
793 1294 894 1361 paret;
923 1283 953 1342 iu
976 1282 1079 1343 Rutilo
1100 1304 1170 1344 nam

285 1379 397 1440 luxuria
417 1389 471 1452 est,
493 1379 524 1437 in
545 1379 687 1439 Ventidio
709 1380 860 1441 laudabile
881 1399 993 1440 nomen

285 1477 374 1537 sumit
395 1488 425 1537 et
446 1495 464 1536 a
484 1495 575 1536 censu
596 1479 705 1536 samam
727 1476 823 1537 trahit.
866 1478 949 1537 illum
972 1496 1028 1554 ego
1049 1476 1110 1539 iure

285 1576 458 1655 despiciam,
480 1575 531 1653 qui
552 1576 607 1637 scit
628 1588 741 1654 quanto
763 1575 919 1638 sublimior
938 1579 1044 1637 Atlans

285 1675 424 1736 omnibus
445 1674 476 1734 in
498 1673 592 1750 Libya
613 1675 651 1736 sit
672 1674 833 1747 montibus,
856 1676 905 1734 hic
927 1686 1028 1735 tamen
1048 1674 1128 1735 idem

285 1773 400 1851 ignoret
421 1786 566 1851 quantum
588 1776 693 1833 serrata
713 1772 804 1834 distet
825 1775 954 1833 abarca

286 1872 427 1931 sacculus.
472 1892 488 1932 e
509 1874 593 1933 caelo
615 1871 771 1932 descendit
791 1869 877 1950 γνῶθι
897 1868 1016 1930 σεαυτὸν

287 1968 438 2043 figendum
459 1978 489 2026 et
509 1966 635 2027 memori
656 1968 845 2026 tractandum
866 1978 995 2044 pectore,
1018 1965 1080 2026 sive

286 2064 457 2142 coniugium
478 2083 603 2139 quaeras
623 2066 671 2124 vel
692 2063 767 2123 sacri
788 2064 818 2122 in
840 2075 925 2141 parte
945 2075 1064 2124 senatus

287 2182 351 2222 esse
372 2162 584 2239 velis-neque
605 2161 685 2222 enim
706 2160 827 2221 loricam
850 2162 947 2238 poscit
968 2162 1093 2221 Achillis

287 2261 446 2334 Thersites,
468 2261 499 2320 in
519 2280 579 2336 qua
600 2279 631 2320 se
653 2260 826 2320 traducebat
847 2259 993 2319 Ulixes-

287 2357 447 2434 ancipitem
469 2378 520 2419 seu
542 2369 574 2418 tu
597 2376 705 2435 magno
726 2356 897 2417 discrimine
918 2376 1037 2416 causam

286 2467 441 2534 protegere
461 2457 602 2530 adfectas,
625 2467 655 2515 te
676 2456 807 2529 consule,
830 2454 879 2514 dic
901 2453 953 2514 tibi
975 2455 1027 2531 qui
1048 2455 1096 2528 sis,

288 2565 386 2613 orator
405 2554 565 2613 vehemens
588 2573 626 2612 an
648 2554 767 2614 Curtius
788 2565 819 2614 et
840 2555 948 2613 Matho
968 2554 1090 2612 buccae.

288 2652 440 2711 noscenda
460 2661 505 2710 est
525 2671 664 2710 mensura
685 2649 729 2710 sui
751 2652 976 2727 spectandaque
996 2652 1084 2710 rebus

288 2747 318 2806 in
340 2745 463 2807 summis
483 2745 681 2824 minimisque,
704 2745 793 2806 etiam
816 2766 883 2806 cum
906 2746 995 2823 piscis
1017 2758 1139 2818 emetur,

288 2866 327 2906 ne
347 2847 472 2904 mullum
492 2843 602 2923 cupiaS,
625 2864 693 2904 cum
715 2845 753 2904 sit
774 2843 826 2903 tibi
847 2844 937 2921 gobio
958 2854 1072 2903 tantum

289 2942 319 3001 iu
340 2940 453 3001 loculis.
495 2940 562 3017 quis
583 2939 663 2999 enim
685 2951 714 2999 te
735 2937 893 2999 deficiente
915 2938 1047 2998 crumina

290 3051 319 3101 et
339 3050 492 3100 crescente
512 3038 582 3114 gula
602 3049 703 3097 manet
724 3035 829 3109 exitus,
851 3056 918 3097 aere
939 3048 1063 3114 paterno

289 3159 324 3198 ac
344 3139 433 3197 rebus
453 3134 556 3196 mersis
577 3134 763 3195 inventrem
784 3134 913 3194 faenoris
933 3145 1023 3211 atque

289 3233 402 3312 argenti
421 3231 517 3310 gravis
537 3241 568 3292 et
587 3249 728 3308 pecorum
750 3249 947 3307 agrorumque
967 3234 1132 3308 capacem?

289 3332 397 3392 talibus
417 3327 584 3398 adominis
604 3338 675 3405 post
694 3337 803 3386 cuncta
823 3325 1000 3387 novissimus
1021 3327 1080 3388 exit

290 3426 404 3497 anulus,
426 3432 457 3484 et
476 3420 570 3499 digito
591 3421 741 3481 mendicat
763 3419 858 3479 Pollio
880 3420 970 3479 nudo.

580 3633 612 3687 16
644 3644 760 3687 ementur
773 3635 811 3686 P:
828 3644 942 3686 emuntur
953 3643 989 3699 po.
