2992 4134
565 343 676 392 LIBER
699 343 730 392 V.
755 342 899 392 SATVRA
921 342 1001 392 XIII.

275 506 386 565 nempe
407 490 466 549 hoc
485 487 607 562 indocti,
630 509 757 567 quorum
778 489 952 567 praecordia
972 489 1061 550 nullis

275 585 427 646 interdurn
449 596 500 647 aut
520 585 635 648 levibus
655 587 758 648 videas
780 585 933 664 flagrantia
952 586 1067 646 causis:

223 690 227 696 '
276 686 551 762 quantulacumque
571 686 650 745 adeo
671 697 716 745 est
736 685 857 746 occasio
878 685 986 746 sufficit
1006 686 1073 746 irae

277 781 462 861 Chrysippus
484 802 546 843 non
567 781 648 843 dicet
668 783 751 844 idem
772 803 828 845 nec
850 783 922 844 mite
942 782 1076 844 Thaletis

276 880 430 958 ingenium
451 881 592 958 dulcique
613 900 705 942 senex
724 879 839 941 vicinus
862 883 1017 958 Hymetto,

276 976 331 1052 qui
350 988 465 1056 partem
486 989 629 1056 acceptae
649 997 738 1039 saeva
760 978 836 1039 inter
856 978 955 1038 vincla
976 979 1090 1038 cicutae

277 1075 442 1136 accusatori
462 1078 557 1137 nollet
577 1077 656 1138 dare
698 1075 827 1153 plurima
847 1076 916 1136 felix

276 1174 420 1250 paulatim
440 1173 513 1235 vitia
533 1184 625 1252 atque
645 1193 758 1236 errores
779 1173 859 1234 exuit
880 1192 993 1247 omnes,

276 1272 374 1349 prima
393 1274 484 1334 docet
503 1285 617 1334 rectum
639 1271 791 1350 sapientia
836 1270 948 1349 quippe
970 1271 1076 1332 minuti

277 1389 397 1446 semper
416 1381 447 1431 et
468 1369 576 1429 infirmi
598 1382 643 1430 est
663 1369 757 1430 animi
777 1369 934 1446 exiguique
954 1371 1090 1447 voluptas
1234 1392 1280 1440 190

277 1464 360 1527 ultio.
402 1468 547 1529 contiuuo
567 1467 611 1528 sic
630 1466 745 1543 collige,
768 1468 849 1544 quod
871 1467 1002 1527 vindicta

279 1586 369 1628 nemo
389 1568 484 1646 magis
504 1567 615 1644 gaudet
636 1587 726 1645 quam
748 1565 866 1626 femina.
910 1585 962 1625 cur
982 1577 1082 1626 tamen
1103 1566 1158 1626 hos
1180 1576 1210 1625 tu

278 1661 407 1724 evasisse
428 1675 523 1740 putes,
546 1669 623 1740 quo's
644 1663 699 1723 diri
719 1663 841 1724 conseia
861 1664 931 1723 tacti

278 1781 363 1821 mens
383 1763 474 1822 habet
493 1761 638 1822 attonitos
659 1771 688 1822 et
710 1763 800 1821 surdo
821 1763 941 1821 verbere
962 1760 1069 1834 caedit,

277 1860 430 1919 occultum
450 1859 605 1936 quatiente
624 1859 727 1920 animo
748 1871 858 1920 tortore
880 1860 1050 1936 flagellum?
1234 1883 1277 1934 ¹95

277 1975 378 2031 poena
397 1967 497 2016 autem
519 1957 681 2016 vehemens
701 1976 737 2016 ac
758 1959 853 2016 multo
874 1955 988 2016 saevior
1008 1955 1064 2016 illis

277 2067 352 2123 quas
373 2060 403 2108 et
425 2047 583 2109 Caedicius
603 2048 700 2125 gravis
720 2048 835 2109 invenit
856 2060 886 2109 et
907 2050 1164 2124 Rhadamanthus,

278 2155 368 2204 nocte
389 2143 498 2221 dieque
519 2163 606 2204 suurn
627 2157 740 2223 gestare
760 2145 791 2205 in
813 2157 934 2222 pectore
955 2159 1069 2209 testem.

277 2243 425 2315 Spartano
445 2239 565 2300 cuidam
586 2242 742 2318 respondit
763 2243 869 2320 Pythia
889 2256 971 2305 vates

277 2341 350 2397 haut
370 2336 541 2415 inpunitum
562 2340 716 2415 quondam
737 2342 800 2400 fore
821 2342 902 2417 quod
924 2342 1071 2402 dubitaret
1231 2365 1279 2400 200

277 2435 449 2511 depositum
470 2434 597 2496 retinere
617 2449 647 2496 et
667 2437 803 2496 fraudem
824 2437 886 2498 iure
907 2438 981 2498 tueri

276 2533 410 2593 iurando,
452 2536 616 2610 quaerebat
638 2534 718 2595 enirn
740 2555 817 2611 quae
837 2535 966 2595 numinis
988 2547 1066 2596 esset

277 2653 362 2693 mens
383 2645 413 2693 et
434 2652 473 2693 an
494 2635 554 2693 hoc
573 2633 616 2692 illi
637 2632 751 2692 lacinus
773 2635 909 2694 suaderet
930 2636 1047 2712 Apollo.

276 2730 406 2790 reddidit
427 2749 497 2807 ergo
518 2741 608 2802 metu,
631 2750 692 2789 non
714 2729 854 2802 moribus,
877 2741 907 2790 et
928 2742 1028 2791 tamen
1050 2751 1170 2790 omnem

276 2847 382 2886 vocem
403 2826 485 2903 adyti
505 2827 628 2903 dignam
649 2827 762 2902 templo
784 2846 943 2904 veramque
964 2827 1099 2904 probavit
1230 2852 1276 2902 205

276 2922 424 2982 extinctus
445 2933 509 2982 tota
529 2921 637 2998 pariter
658 2943 727 2982 curn
748 2926 831 3000 prole
852 2925 1005 3000 domoque

276 3034 306 3080 et
327 3020 462 3096 quamvis
482 3020 573 3095 longa
593 3019 729 3079 deductis
749 3032 838 3097 gente
859 3019 1041 3098 propinquis

275 3120 328 3177 has
349 3117 460 3193 patitur
480 3136 592 3192 poenas
613 3117 760 3193 peccandi
780 3121 844 3180 sola
864 3121 1009 3179 voluntas.

276 3235 347 3274 narn
369 3217 465 3275 scelus
486 3214 563 3274 intra
584 3235 616 3275 se
637 3216 760 3276 taciturn
783 3216 833 3294 qui
855 3215 967 3294 cogitat
988 3217 1090 3288 ullum,

274 3312 346 3374 tacti
365 3312 477 3374 crimen
498 3313 597 3373 habet
640 3316 725 3388 cedo,
746 3314 772 3376 si
793 3326 901 3375 conata
922 3313 1042 3391 peregit.
1229 3341 1276 3378 210

328 3538 373 3586 188
405 3535 472 3585 exuit
483 3536 582 3614 omnes]¹
596 3537 671 3598 exuit,
685 3553 772 3588 omnes
782 3538 862 3587 Bdclr.
1013 3552 1056 3600 191
1091 3539 1164 3600 ··ltio]
1181 3541 1271 3590 uitio]

276 3631 322 3678 20⁵
356 3617 482 3681 probavit]
499 3617 653 3680 probabitP
722 3621 770 3668 208
802 3618 856 3668 sola
867 3617 1028 3666 voluntasn:
1045 3633 1121 3666 saeua
1129 3619 1279 3682 uoluqtasu

564 3846 591 3870 Δ
683 3842 709 3869 N
