2992 4134
249 345 291 424 96
496 345 498 348 ’
647 357 849 408 rvvnrturrs

250 514 320 562 tunc
340 499 417 571 felix,
439 501 577 577 quotiens
598 501 704 578 aliquis
724 513 835 564 tortore
855 514 962 564 vocato

250 599 341 659 uritur
361 599 477 659 ardenti
497 601 559 660 duo
579 611 700 678 propter
720 601 813 662 lintea
832 604 948 662 serro-

250 696 323 774 quid
343 698 448 757 suadet
469 696 569 757 iuveni
589 698 683 758 laetus
704 698 830 759 stridore
850 710 982 772 catenae,

250 815 340 872 quem
361 795 435 857 mire
455 796 596 855 adficiunt
618 795 758 873 inscripti,
781 801 935 875 ergastula,
957 800 1079 858 carcer?

251 891 376 950 rusticus
396 904 535 966 expectas
556 902 590 950 ut
610 910 672 950 non
693 891 730 951 sit
752 894 885 952 adultera
907 896 1019 971 Largae

251 986 319 1061 filia,
340 1007 416 1064 quae
437 1005 602 1062 numquam
624 996 774 1047 maternos
795 988 894 1048 dicere
915 991 1056 1050 moechos

252 1095 313 1144 tam
333 1084 393 1144 cito
414 1103 470 1144 nec
490 1095 574 1144 tanto
594 1084 703 1162 poterit
722 1095 880 1146 contexere
901 1105 997 1160 cursu,

251 1193 284 1242 ut
304 1202 366 1242 non
386 1181 531 1241 terdecies
552 1181 697 1258 respiret?
724 1183 846 1243 conscia
866 1183 952 1243 matri

251 1280 332 1357 virgo
353 1279 416 1350 fuit,
438 1299 520 1340 ceras
541 1299 621 1339 nunc
642 1281 697 1339 hac
718 1280 850 1342 dictante
870 1281 991 1357 pusillas

252 1377 355 1456 implet
376 1392 406 1440 et
426 1381 465 1440 ad
486 1381 645 1439 moechum
666 1382 718 1441 dat
739 1380 852 1440 eisdem
873 1382 947 1440 ferre
967 1378 1105 1438 cinaedis.

253 1476 295 1536 sic
315 1488 421 1537 natura
441 1475 540 1536 iubet:
568 1475 699 1535 velocius
720 1487 750 1537 et
770 1476 856 1536 citius
878 1496 933 1552 nos

253 1585 444 1650 corrumpunt
464 1573 602 1633 vitiorum
624 1576 760 1651 exempla
780 1573 952 1645 domestica,
974 1572 1088 1650 magnis

254 1693 323 1731 cum
343 1674 472 1732 subeunt
492 1671 609 1732 animos
629 1672 806 1733 auctoribus.
850 1693 926 1732 unus
947 1681 977 1731 et
997 1672 1070 1730 alter

254 1769 374 1830 forsitan
395 1772 470 1830 haec
491 1783 630 1847 spernant
651 1771 781 1842 iuvenes,
805 1771 912 1846 quibus
934 1780 996 1829 arte
1016 1767 1145 1845 benigna

255 1876 284 1925 et
304 1867 426 1926 meliore
446 1868 510 1926 luto
531 1869 614 1925 finxit
634 1866 805 1943 praecordia
825 1867 924 1939 Titan,

255 1964 308 2022 sed
328 1963 457 2038 reliquos
477 1962 618 2038 fugienda
639 1974 754 2038 patrum
775 1963 897 2039 vestigia
917 1966 1030 2022 ducunt

255 2070 285 2119 et
305 2071 468 2120 monstrata
489 2061 539 2120 diu
561 2061 667 2122 veteris
688 2062 776 2121 trahit
797 2062 891 2121 orbita
912 2064 1024 2139 culpae.

255 2155 403 2214 abstineas
424 2153 511 2230 igitur
531 2155 716 2215 damnandis.
761 2157 846 2216 huius
868 2157 946 2216 enim
967 2156 1014 2216 vel

256 2271 315 2310 una
335 2263 445 2329 potens
465 2252 540 2311 ratio
561 2263 614 2326 est,
635 2272 674 2312 ne
694 2253 818 2312 crimina
839 2266 938 2314 nostra
959 2265 1118 2330 sequantur

256 2369 293 2408 ex
313 2348 399 2410 nobis
419 2347 520 2426 geniti,
542 2349 683 2425 quoniam
705 2352 817 2412 dociles
838 2351 989 2411 imitandis

257 2447 390 2523 turpibus
411 2467 446 2506 ac
467 2445 564 2522 pravis
585 2465 689 2506 omnes
711 2468 821 2523 sumus,
845 2461 874 2510 et
895 2449 1052 2510 Catilinam

257 2562 445 2619 quocumque
467 2541 496 2600 in
519 2545 632 2619 populo
653 2544 762 2617 videas,
785 2567 974 2624 quocumque
994 2547 1050 2606 sub
1071 2566 1132 2616 axe,

257 2644 311 2702 sed
331 2662 388 2701 nec
409 2645 516 2700 Brutus
537 2641 592 2700 erit
614 2643 693 2700 Bruti
714 2663 771 2702 nec
792 2646 954 2703 avunculus
975 2662 1122 2718 umquam.

257 2738 299 2797 nil
319 2737 400 2798 dictu
421 2738 544 2797 foedum
565 2740 688 2814 visuque
709 2741 784 2800 haec
803 2741 906 2800 limina
927 2751 1035 2815 tangat,

258 2834 334 2894 intra
353 2854 430 2911 qnae
450 2845 533 2912 pater
554 2846 616 2908 est;
644 2839 755 2912 procul,
777 2857 795 2896 a
815 2840 919 2912 procul
940 2837 1009 2896 inde
1030 2837 1146 2911 puellae
1223 2857 1255 2908 45

258 2933 400 2992 lenonum
421 2943 450 2992 et
471 2944 576 2991 cantus
596 2933 797 3008 pernoctantis
819 2936 945 3012 parasiti.

258 3029 386 3088 maxima
407 3029 532 3089 debetur
551 3048 644 3105 puero
665 3031 835 3102 reverentia,
858 3031 955 3107 siquid

258 3137 343 3201 turpe
363 3144 458 3200 paras,
480 3144 536 3185 nec
557 3136 589 3184 tu
610 3124 693 3203 pueri
714 3127 928 3202 contempseris
949 3147 1052 3200 annos,

259 3222 312 3280 sed
333 3231 492 3297 peccaturo
512 3222 611 3281 obstet
633 3221 686 3280 tibi
707 3221 784 3280 filius
805 3222 909 3281 infans.

307 3394 339 3440 24
371 3379 489 3443 inscripti,
512 3380 635 3444 ergastula
656 3381 793 3430 Richards:
819 3382 911 3446 scripta
932 3383 1054 3447 ergastula
1076 3385 1113 3432 P:
1138 3383 1257 3448 inscripta

259 3460 426 3525 ergastulapu
590 3463 620 3526 38
653 3463 809 3513 damnandis.
822 3465 894 3514 huius
905 3466 970 3513 enim
983 3467 1021 3515 P:
1038 3466 1141 3514 damnis.
1156 3465 1257 3515 huiusce

258 3542 351 3592 etenim
353 3550 397 3606 pu
527 3558 558 3607 43
591 3546 758 3609 umquamP:
775 3561 878 3610 usquam
888 3554 925 3610 po
1055 3561 1084 3609 45
1118 3554 1189 3610 pater
1200 3548 1255 3595 Po:

239 3636 453 3684 puersometnss.
