2992 4134
247 341 286 416 58
642 353 841 403 ivvnunnrs

246 499 454 576 Illyricumque
475 502 570 574 latus3
591 519 688 578 *parce
709 510 739 560 et
760 501 941 562 messoribus
962 501 1019 562 illis

245 596 296 672 qui
317 609 448 657 saturant
469 600 573 658 urbem
594 599 674 658 circo
696 618 883 675 scaenaeque
904 613 1060 660 vacantem
1071 621 1079 674 3

245 706 356 770 quanta
376 708 476 756 autem
497 695 568 756 inde
589 698 665 757 seres
687 708 748 757 tarn
771 696 851 757 dirae
873 699 1005 772 praemia
1025 701 1139 774 culpae,

245 812 312 850 cum
335 793 431 853 tenuis
452 813 548 871 nuper
569 793 682 853 Marius
703 793 874 854 discinxerit
896 797 1005 855 Afros?
1199 817 1246 854 120

245 886 409 945 curandum
431 889 462 945 in
484 886 585 964 primis
607 907 645 947 ne
667 907 778 964 magna
797 887 903 947 iniuria
924 891 976 948 fiat
1009 891 1012 898 '

246 980 369 1040 fortibus
391 993 421 1041 et
441 980 564 1042 miseris.
607 983 694 1042 tollas
715 981 785 1042 licet
806 1002 895 1042 omne
916 983 998 1059 quod
1019 1003 1144 1059 usquam
1167 994 1210 1042 est

245 1072 308 1132 auri
329 1085 419 1150 atque
441 1074 564 1150 argenti,
586 1085 703 1133 scutum
724 1076 917 1152 gladiumque
937 1077 1085 1153 relinques

246 1180 275 1228 et
296 1169 425 1229 iaculum
446 1181 476 1230 et
496 1171 612 1247 galeam
622 1192 630 1244 ;
659 1171 793 1248 spoliatis
814 1192 897 1232 anna
918 1185 1081 1250 supersunt

245 1265 328 1341 quod
349 1267 442 1326 modo
463 1269 614 1343 proposui,
635 1287 697 1326 non
719 1280 764 1326 est
785 1268 950 1329 sententia:
979 1290 1079 1329 verum
1100 1281 1155 1340 est,
1199 1290 1244 1343 125

245 1361 357 1421 credite
378 1382 427 1422 me
447 1362 532 1423 vobis
554 1362 658 1422 lolium
678 1363 802 1424 recitare
823 1364 960 1441 Sibyllae.

246 1457 270 1516 si
291 1457 345 1518 tibi
366 1472 468 1520 sancta
489 1462 596 1520 cohors
617 1461 771 1530 comitum,
794 1464 817 1521 si
838 1482 929 1523 nemo
950 1462 1079 1523 tribunal

246 1555 348 1614 vendit
368 1575 578 1628 acersecomes‚
601 1556 625 1616 si
646 1558 762 1617 nullum
783 1557 815 1615 in
835 1559 961 1636 coniuge
983 1560 1103 1631 crimen,

245 1672 302 1712 nec
322 1672 375 1729 per
395 1665 560 1715 conventus
581 1667 611 1715 et
632 1667 742 1714 cuncta
762 1674 815 1731 per
835 1654 947 1732 oppida
967 1656 1063 1716 curvis

246 1751 394 1828 unguibus
415 1752 456 1812 ire
476 1765 560 1829 parat
580 1773 719 1814 nummos
740 1767 858 1830 raptura
879 1757 1021 1827 Celaen0‚

246 1857 277 1904 tu
298 1847 367 1907 licet
387 1866 406 1906 a
427 1848 499 1908 Pico
521 1868 659 1908 numeres
679 1869 783 1926 genus,
805 1852 924 1925 altaque
945 1850 970 1908 si
991 1862 1019 1910 te

245 1943 368 2003 nomina
389 1945 546 2017 delectant,
568 1965 688 2005 omnem
710 1945 851 2005 Titanida
872 1965 1003 2022 pugnam

246 2041 321 2100 inter
341 2041 468 2101 maiores
489 2043 646 2120 ipsumque
666 2044 844 2104 Promethea
864 2062 967 2120 ponae,

246 2138 285 2196 de
306 2157 495 2214 quocumque
516 2141 597 2198 voles
618 2160 761 2216 proavum
786 2140 839 2199 tibi
861 2138 969 2199 sumito
990 2138 1073 2199 libro.

246 2235 327 2310 quod
349 2234 373 2294 si
394 2236 586 2312 praecipitem
608 2238 685 2313 rapit
706 2236 831 2297 ambitio
852 2248 941 2312 atque
963 2235 1066 2307 libido,

245 2334 268 2390 si
292 2334 399 2409 frangis
418 2333 513 2412 virgas
534 2335 682 2396 sociorum
705 2335 736 2394 in
758 2335 909 2412 sanguine,
931 2336 956 2394 si
976 2346 1006 2400 te

246 2431 396 2489 delectant
417 2431 540 2492 hebetes
561 2435 640 2493 lasso
660 2435 765 2493 lictore
786 2452 912 2505 secures,

245 2527 350 2604 incipit
371 2528 502 2605 ipsorum
523 2542 627 2591 contra
647 2543 677 2592 te
698 2544 776 2591 stare
796 2542 953 2608 parentum

245 2626 383 2686 nobilitas
404 2629 573 2705 claramque
594 2632 690 2690 lacem
711 2631 858 2705 praeferre
880 2629 1039 2705 pudendis.

245 2744 335 2785 omne
355 2724 447 2784 animi
467 2725 569 2785 vitium
592 2738 677 2787 tanto
697 2727 887 2804 conspectius
908 2728 940 2786 in
960 2748 993 2787 se

245 2821 356 2882 crimen
376 2823 474 2893 habet,
497 2835 610 2898 quanto
631 2823 725 2885 maior
746 2825 797 2901 qui
818 2836 923 2902 peccat
943 2826 1077 2885 habetur.

245 2938 306 2995 quo
326 2918 399 2977 mihi
419 2930 449 2978 te
469 2919 589 2979 solitum
610 2922 698 2980 falsas
719 2921 834 2998 signare
856 2923 979 2981 tabellas

245 3015 276 3074 in
296 3015 414 3091 templis
434 3035 510 3092 quae
530 3015 600 3075 lecit
620 3036 702 3091 avus,
724 3029 912 3093 statuamque
933 3016 1062 3093 parentis

244 3124 315 3174 ante
334 3113 564 3189 triumphalem?
591 3133 659 3189 quo,
681 3112 705 3173 si
726 3126 889 3174 nocturnus
911 3116 1026 3175 adulter

245 3226 379 3288 tempora
398 3211 559 3271 Santonico
580 3212 661 3270 velas
681 3212 825 3288 adoperta
845 3214 984 3273 cucullo?

284 3321 401 3386 praeter
420 3308 568 3369 maiorum
589 3307 703 3368 cineres
724 3319 814 3384 atque
836 3327 903 3367 ossa
924 3311 1036 3368 volucri

245 3417 387 3482 carpento
407 3407 518 3483 rapitur
539 3404 656 3482 pinguis
678 3407 850 3476 Lateranus
873 3416 903 3464 et
923 3405 997 3481 ipse,

503 3626 547 3678 147
582 3615 721 3666 Lateranus
731 3617 769 3665 P:
788 3613 986 3677 Damasippusu
