2992 4134
245 347 288 408 60
643 355 843 403 rvvrrunnrs

245 525 342 580 aequa
363 506 404 565 ibi
424 505 553 575 libertas,
575 503 748 564 communia
767 505 884 580 pocula,
907 505 1001 563 lectus

246 621 308 662 non
329 601 404 660 alius
426 600 572 678 cuiquam,
595 621 651 661 nec
672 620 776 661 mensa
796 598 936 661 remotior
957 598 1016 659 ulli.

245 701 320 778 quid
339 700 430 760 facias
451 701 541 761 talem
563 699 691 771 sortitus,
715 697 850 767 Pontice,
871 700 1010 797 servum?

246 816 356 877 nempe
377 798 408 856 in
430 800 568 858 Lucanos
589 808 639 857 aut
660 800 762 856 Tusca
782 760 947 872 ergastitia
949 795 1057 855 mittas.

245 905 276 954 at
297 915 358 965 vos,
380 898 578 987 Troiugenae,
600 893 714 955 vobis
706 892 868 970 ignoscitis,
890 904 919 954 et
940 913 1016 970 quae

247 982 496 1069 turpia‘oh‘doni,
517 994 645 1052 Volesos
667 994 850 1067 Brutumque
871 991 1028 1051 decebunt

286 1090 404 1167 quid
381 1110 405 1149 sr
426 1109 590 1167 numquam
612 1089 689 1149 adeo
711 1087 807 1148 foedis
828 1089 965 1165 adeoque
985 1086 1134 1164 pudendis

247 1187 356 1246 utimur
377 1184 528 1264 exemplis,
550 1194 582 1243 ut
603 1203 664 1244 non
686 1183 787 1262 peiora
808 1184 978 1261 supersint?

247 1284 430 1364 consumptis
452 1284 558 1361 opibus
578 1303 693 1358 vocem,
717 1283 911 1360 Damasippe,
932 1282 1038 1343 locasti

247 1380 363 1457 sipario,
386 1382 550 1442 clamosum
572 1400 673 1458 ageres
694 1392 727 1441 ut
748 1382 877 1441 Phasma
898 1380 1016 1442 Catulli.

248 1481 427 1539 Laureolum
448 1481 535 1540 velox
556 1480 645 1540 etiam
666 1480 742 1540 bene
765 1482 909 1540 Lentulus
931 1478 997 1556 egit,

247 1577 345 1638 iudice
366 1598 415 1638 me
437 1578 543 1653 dignus
564 1598 633 1638 vera
654 1598 749 1638 cruce.
793 1597 850 1637 nec
871 1589 973 1637 tamen
994 1575 1052 1654 ipsi

248 1675 383 1753 ignoscas
404 1679 519 1753 populo
529 1697 538 1751 ;
565 1678 669 1755 populi
690 1678 772 1737 frons
792 1677 893 1738 durior
912 1675 999 1736 huius

248 1772 299 1850 qui
320 1775 404 1834 sedet
425 1785 456 1834 et
476 1785 592 1852 spectat
612 1774 759 1834 triscurria
780 1775 980 1850 patriciorum,

248 1870 425 1947 planipedes
445 1871 529 1931 audit
550 1870 668 1942 Fabios,
690 1871 784 1930 ridere
805 1882 904 1946 potest
925 1871 976 1947 qui

249 1970 469 2026 Mamercorum
491 1970 599 2044 alapas.
643 1967 748 2044 quanti
770 1986 823 2026 sua
843 1969 946 2029 funera
966 1969 1106 2041 vendant,

248 2064 322 2142 quid
343 2067 453 2124 refert?
480 2066 615 2125 vendunt
635 2067 718 2124 nullo
740 2075 866 2141 cogente
889 2066 1017 2136 Nerone,

249 2182 305 2222 nec
326 2161 463 2222 dubitant
484 2161 554 2222 celsi
576 2161 718 2239 praetoris
739 2163 868 2221 vendere
890 2162 974 2221 ludis.

249 2263 327 2337 finge
348 2272 450 2320 tamen
470 2259 585 2337 gladios
606 2259 676 2319 inde
697 2269 788 2334 atque
808 2260 879 2318 hinc
899 2258 1012 2336 pulpita
1032 2262 1113 2336 poni,

249 2360 322 2435 quid
344 2358 458 2418 satius?
484 2369 609 2417 mortem
632 2357 674 2417 sic
696 2356 854 2435 quisquam
877 2358 1034 2430 exhorruit,
1057 2370 1090 2418 ut
1111 2360 1147 2419 sit

249 2457 401 2533 zelotypus
422 2457 590 2532 Thymeles,
615 2454 729 2533 stupidi
750 2457 864 2531 collega
886 2456 1044 2517 Corinthi?

249 2572 295 2614 res
315 2556 387 2613 haut
408 2553 481 2614 mira
502 2564 602 2614 tamen
623 2554 799 2614 citharoedo
820 2553 954 2630 principe
975 2555 1082 2616 mimus

249 2651 365 2712 nobilis.
408 2654 482 2712 haec
503 2653 579 2711 ultra
600 2651 674 2728 quid
694 2651 748 2712 erit
769 2651 827 2710 nisi
847 2652 958 2711 ludus?
985 2666 1014 2713 et
1035 2652 1095 2714 illic

249 2750 381 2809 dedecus
403 2749 482 2809 urbis
502 2749 605 2820 habes,
628 2768 684 2809 nec
705 2747 901 2808 murmillonis
923 2749 953 2809 in
975 2750 1061 2810 armis
1202 2776 1249 2812 200

249 2865 306 2906 nec
326 2845 425 2922 clipeo
446 2846 616 2905 Gracchum
638 2857 822 2922 pugnantem
844 2856 895 2905 aut
916 2847 991 2905 falce
1012 2846 1159 2922 supina-

249 2945 372 3004 damnat
393 2943 473 3004 enirn
495 2944 569 3003 tales
590 2941 718 3016 habitus,
740 2945 795 3003 sed
816 2944 938 3003 damnat
959 2954 989 3003 et
1010 2944 1082 3016 odit,

250 3061 307 3102 nec
327 3043 411 3119 galea
431 3041 537 3101 faciem
558 3040 727 3110 abscondit,
748 3051 849 3100 movet
871 3061 941 3101 ecce
963 3041 1131 3117 tridentem,

249 3151 410 3218 postquam
430 3139 544 3199 vibrata
564 3138 729 3216 pendentia
748 3139 823 3198 retia
843 3140 946 3199 dextra

250 3237 432 3314 nequiquam
455 3235 566 3311 effudit,
590 3236 705 3295 nudum
726 3237 766 3295 ad
787 3239 958 3311 spectacula
978 3241 1091 3298 voltum

251 3334 335 3412 erigit
355 3346 386 3394 et
406 3345 471 3394 tota
490 3332 563 3411 fugit
584 3333 792 3410 agnoscendus
812 3335 931 3394 harena.

251 3431 415 3506 credamus,
437 3431 557 3493 tunicae
579 3432 617 3491 de
638 3429 773 3490 saucibus
794 3450 882 3490 aurea
902 3452 970 3491 cum
994 3452 1025 3494 se

374 3642 418 3696 195
451 3631 563 3695 poniP:
581 3639 694 3696 ponepo
794 3633 839 3700 198
872 3632 962 3683 mimus
974 3635 1010 3684 Pr
1027 3641 1131 3683 natuso
