<?xml version="1.0" encoding="UTF-8"?>
<!DOCTYPE html PUBLIC "-//W3C//DTD XHTML 1.0 Transitional//EN"
    "http://www.w3.org/TR/xhtml1/DTD/xhtml1-transitional.dtd">
<html xmlns="http://www.w3.org/1999/xhtml" xml:lang="en" lang="en">
 <head>
  <title>
</title>
<meta http-equiv="Content-Type" content="text/html;charset=utf-8" />
  <meta name='ocr-system' content='tesseract 3.04.00' />
  <meta name='ocr-capabilities' content='ocr_page ocr_carea ocr_par ocr_line ocrx_word'/>
</head>
<body>
  <div class='ocr_page' id='page_1' title='image "./satvraexivfourt00duffgoog/satvraexivfourt00duffgoog_0164.png"; bbox 0 0 2992 4134; ppageno 0'>
   <div class='ocr_carea' id='block_1_1' title="bbox 260 389 856 444">
    <p class='ocr_par' dir='ltr' id='par_1_1' title="bbox 260 389 856 444">
     <span class='ocr_line' id='line_1_1' title="bbox 260 389 856 444; baseline -0.015 1"><span class='ocrx_word' id='word_1_1' title='bbox 260 397 320 444; x_wconf 89' lang='lat'>100</span> <span class='ocrx_word' id='word_1_2' title='bbox 657 389 856 438; x_wconf 84' lang='lat' dir='ltr'>IVVENALlS</span> 
     </span>
    </p>
   </div>
   <div class='ocr_carea' id='block_1_2' title="bbox 255 540 1269 3545">
    <p class='ocr_par' dir='ltr' id='par_1_2' title="bbox 255 540 927 618">
     <span class='ocr_line' id='line_1_2' title="bbox 255 540 927 618; baseline -0.009 -16"><span class='ocrx_word' id='word_1_3' title='bbox 255 544 367 602; x_wconf 88' lang='lat' dir='ltr'>interea</span> <span class='ocrx_word' id='word_1_4' title='bbox 389 543 479 618; x_wconf 88' lang='lat' dir='ltr'>pleno</span> <span class='ocrx_word' id='word_1_5' title='bbox 501 560 569 599; x_wconf 85' lang='lat' dir='ltr'>curn</span> <span class='ocrx_word' id='word_1_6' title='bbox 592 551 687 616; x_wconf 86' lang='lat' dir='ltr'>turget</span> <span class='ocrx_word' id='word_1_7' title='bbox 708 540 844 598; x_wconf 89' lang='lat' dir='ltr'>sacculus</span> <span class='ocrx_word' id='word_1_8' title='bbox 866 557 927 610; x_wconf 89' lang='lat' dir='ltr'>ore,</span> 
     </span>
    </p>

    <p class='ocr_par' dir='ltr' id='par_1_3' title="bbox 257 635 1135 714">
     <span class='ocr_line' id='line_1_3' title="bbox 257 635 1135 714; baseline -0.013 -12"><span class='ocrx_word' id='word_1_9' title='bbox 257 641 361 702; x_wconf 89' lang='lat' dir='ltr'>crescit</span> <span class='ocrx_word' id='word_1_10' title='bbox 382 660 467 700; x_wconf 89' lang='lat' dir='ltr'>amor</span> <span class='ocrx_word' id='word_1_11' title='bbox 487 639 611 710; x_wconf 90' lang='lat' dir='ltr'>nummi,</span> <span class='ocrx_word' id='word_1_12' title='bbox 633 648 778 714; x_wconf 88' lang='lat' dir='ltr'>quantum</span> <span class='ocrx_word' id='word_1_13' title='bbox 801 639 866 712; x_wconf 91' lang='lat' dir='ltr'>ipsa</span> <span class='ocrx_word' id='word_1_14' title='bbox 887 635 1015 711; x_wconf 90' lang='lat' dir='ltr'>pecunia</span> <span class='ocrx_word' id='word_1_15' title='bbox 1036 635 1135 705; x_wconf 90' lang='lat' dir='ltr'>crevit,</span> 
     </span>
    </p>

    <p class='ocr_par' dir='ltr' id='par_1_4' title="bbox 257 736 1260 908">
     <span class='ocr_line' id='line_1_4' title="bbox 257 736 1260 814; baseline -0.011 -16"><span class='ocrx_word' id='word_1_16' title='bbox 257 750 286 800; x_wconf 92' lang='lat' dir='ltr'>et</span> <span class='ocrx_word' id='word_1_17' title='bbox 307 739 406 798; x_wconf 91' lang='lat' dir='ltr'>minus</span> <span class='ocrx_word' id='word_1_18' title='bbox 427 740 505 797; x_wconf 91' lang='lat' dir='ltr'>hanc</span> <span class='ocrx_word' id='word_1_19' title='bbox 526 749 610 814; x_wconf 90' lang='lat' dir='ltr'>optat</span> <span class='ocrx_word' id='word_1_20' title='bbox 632 736 682 812; x_wconf 93' lang='lat' dir='ltr'>qui</span> <span class='ocrx_word' id='word_1_21' title='bbox 704 756 766 794; x_wconf 91' lang='lat' dir='ltr'>non</span> <span class='ocrx_word' id='word_1_22' title='bbox 788 736 886 793; x_wconf 89' lang='lat' dir='ltr'>habet.</span> <span class='ocrx_word' id='word_1_23' title='bbox 930 752 1000 808; x_wconf 89' lang='lat' dir='ltr'>ergo</span> <span class='ocrx_word' id='word_1_24' title='bbox 1021 743 1140 808; x_wconf 87' lang='lat' dir='ltr'>paratur</span> <span class='ocrx_word' id='word_1_25' title='bbox 1215 752 1260 800; x_wconf 87' lang='lat'>140</span> 
     </span>
     <span class='ocr_line' id='line_1_5' title="bbox 257 831 1020 908; baseline -0.012 -12"><span class='ocrx_word' id='word_1_26' title='bbox 257 840 349 896; x_wconf 87' lang='lat' dir='ltr'>altera</span> <span class='ocrx_word' id='word_1_27' title='bbox 369 836 438 895; x_wconf 90' lang='lat' dir='ltr'>villa</span> <span class='ocrx_word' id='word_1_28' title='bbox 460 835 523 908; x_wconf 86' lang='lat' dir='ltr'>tibi,</span> <span class='ocrx_word' id='word_1_29' title='bbox 545 855 614 894; x_wconf 89' lang='lat' dir='ltr'>cum</span> <span class='ocrx_word' id='word_1_30' title='bbox 635 854 684 894; x_wconf 90' lang='lat' dir='ltr'>rus</span> <span class='ocrx_word' id='word_1_31' title='bbox 705 852 768 892; x_wconf 93' lang='lat' dir='ltr'>non</span> <span class='ocrx_word' id='word_1_32' title='bbox 789 831 896 890; x_wconf 89' lang='lat' dir='ltr'>sufficit</span> <span class='ocrx_word' id='word_1_33' title='bbox 917 850 1020 902; x_wconf 85' lang='lat' dir='ltr'>unum,</span> 
     </span>
    </p>

    <p class='ocr_par' dir='ltr' id='par_1_5' title="bbox 258 930 938 1014">
     <span class='ocr_line' id='line_1_6' title="bbox 258 930 938 1014; baseline -0.012 -18"><span class='ocrx_word' id='word_1_34' title='bbox 258 946 287 996; x_wconf 91' lang='lat' dir='ltr'>et</span> <span class='ocrx_word' id='word_1_35' title='bbox 308 937 437 1014; x_wconf 85' lang='lat' dir='ltr'>proferre</span> <span class='ocrx_word' id='word_1_36' title='bbox 458 935 531 994; x_wconf 91' lang='lat' dir='ltr'>libet</span> <span class='ocrx_word' id='word_1_37' title='bbox 552 935 626 994; x_wconf 86' lang='lat' dir='ltr'>fines</span> <span class='ocrx_word' id='word_1_38' title='bbox 648 931 801 1007; x_wconf 89' lang='lat' dir='ltr'>maiorque</span> <span class='ocrx_word' id='word_1_39' title='bbox 822 930 938 990; x_wconf 91' lang='lat' dir='ltr'>videtur</span> 
     </span>
    </p>

    <p class='ocr_par' dir='ltr' id='par_1_6' title="bbox 258 1029 1008 1107">
     <span class='ocr_line' id='line_1_7' title="bbox 258 1029 1008 1107; baseline -0.004 -16"><span class='ocrx_word' id='word_1_40' title='bbox 258 1044 288 1091; x_wconf 89' lang='lat' dir='ltr'>et</span> <span class='ocrx_word' id='word_1_41' title='bbox 309 1033 414 1093; x_wconf 87' lang='lat' dir='ltr'>melior</span> <span class='ocrx_word' id='word_1_42' title='bbox 433 1032 531 1092; x_wconf 90' lang='lat' dir='ltr'>vicina</span> <span class='ocrx_word' id='word_1_43' title='bbox 553 1050 645 1107; x_wconf 89' lang='lat' dir='ltr'>seges,</span> <span class='ocrx_word' id='word_1_44' title='bbox 668 1029 807 1088; x_wconf 89' lang='lat' dir='ltr'>mercaris</span> <span class='ocrx_word' id='word_1_45' title='bbox 829 1039 858 1089; x_wconf 90' lang='lat' dir='ltr'>et</span> <span class='ocrx_word' id='word_1_46' title='bbox 880 1030 957 1088; x_wconf 87' lang='lat' dir='ltr'>hane</span> <span class='ocrx_word' id='word_1_47' title='bbox 978 1039 1008 1089; x_wconf 91' lang='lat' dir='ltr'>et</span> 
     </span>
    </p>

    <p class='ocr_par' dir='ltr' id='par_1_7' title="bbox 259 1125 991 1204">
     <span class='ocr_line' id='line_1_8' title="bbox 259 1125 991 1204; baseline -0.007 -15"><span class='ocrx_word' id='word_1_48' title='bbox 259 1131 378 1190; x_wconf 90' lang='lat' dir='ltr'>arbusta</span> <span class='ocrx_word' id='word_1_49' title='bbox 399 1141 429 1189; x_wconf 91' lang='lat' dir='ltr'>et</span> <span class='ocrx_word' id='word_1_50' title='bbox 450 1131 543 1190; x_wconf 88' lang='lat' dir='ltr'>densa</span> <span class='ocrx_word' id='word_1_51' title='bbox 564 1141 700 1187; x_wconf 88' lang='lat' dir='ltr'>montem</span> <span class='ocrx_word' id='word_1_52' title='bbox 721 1127 773 1204; x_wconf 89' lang='lat' dir='ltr'>qui</span> <span class='ocrx_word' id='word_1_53' title='bbox 793 1136 881 1186; x_wconf 89' lang='lat' dir='ltr'>canet</span> <span class='ocrx_word' id='word_1_54' title='bbox 903 1125 991 1185; x_wconf 83' lang='lat' dir='ltr'>oliva.</span> 
     </span>
    </p>

    <p class='ocr_par' dir='ltr' id='par_1_8' title="bbox 259 1223 1261 1398">
     <span class='ocr_line' id='line_1_9' title="bbox 259 1223 1261 1302; baseline -0.006 -16"><span class='ocrx_word' id='word_1_55' title='bbox 259 1245 386 1302; x_wconf 90' lang='lat' dir='ltr'>quorum</span> <span class='ocrx_word' id='word_1_56' title='bbox 407 1228 431 1284; x_wconf 91' lang='lat' dir='ltr'>si</span> <span class='ocrx_word' id='word_1_57' title='bbox 453 1226 549 1302; x_wconf 89' lang='lat' dir='ltr'>pretio</span> <span class='ocrx_word' id='word_1_58' title='bbox 571 1225 709 1284; x_wconf 90' lang='lat' dir='ltr'>dominus</span> <span class='ocrx_word' id='word_1_59' title='bbox 731 1244 790 1284; x_wconf 93' lang='lat' dir='ltr'>non</span> <span class='ocrx_word' id='word_1_60' title='bbox 813 1223 940 1283; x_wconf 88' lang='lat' dir='ltr'>vincitur</span> <span class='ocrx_word' id='word_1_61' title='bbox 959 1226 1030 1297; x_wconf 90' lang='lat' dir='ltr'>ullo,</span> <span class='ocrx_word' id='word_1_62' title='bbox 1217 1242 1261 1295; x_wconf 84' lang='lat'>145</span> 
     </span>
     <span class='ocr_line' id='line_1_10' title="bbox 260 1323 992 1398; baseline 0.001 -15"><span class='ocrx_word' id='word_1_63' title='bbox 260 1335 349 1384; x_wconf 87' lang='lat' dir='ltr'>nocte</span> <span class='ocrx_word' id='word_1_64' title='bbox 370 1326 463 1384; x_wconf 90' lang='lat' dir='ltr'>boves</span> <span class='ocrx_word' id='word_1_65' title='bbox 484 1324 576 1384; x_wconf 90' lang='lat' dir='ltr'>macri</span> <span class='ocrx_word' id='word_1_66' title='bbox 596 1326 735 1398; x_wconf 91' lang='lat' dir='ltr'>lassoque</span> <span class='ocrx_word' id='word_1_67' title='bbox 756 1323 892 1383; x_wconf 78' lang='lat' dir='ltr'>famelica</span> <span class='ocrx_word' id='word_1_68' title='bbox 913 1324 992 1384; x_wconf 91' lang='lat' dir='ltr'>collo</span> 
     </span>
    </p>

    <p class='ocr_par' dir='ltr' id='par_1_9' title="bbox 260 1421 997 1492">
     <span class='ocr_line' id='line_1_11' title="bbox 260 1421 997 1492; baseline 0.001 -13"><span class='ocrx_word' id='word_1_69' title='bbox 260 1421 393 1481; x_wconf 91' lang='lat' dir='ltr'>iumenta</span> <span class='ocrx_word' id='word_1_70' title='bbox 413 1423 453 1481; x_wconf 93' lang='lat' dir='ltr'>ad</span> <span class='ocrx_word' id='word_1_71' title='bbox 473 1421 582 1481; x_wconf 89' lang='lat' dir='ltr'>virides</span> <span class='ocrx_word' id='word_1_72' title='bbox 604 1422 690 1481; x_wconf 94' lang='lat' dir='ltr'>huius</span> <span class='ocrx_word' id='word_1_73' title='bbox 711 1421 866 1481; x_wconf 87' lang='lat' dir='ltr'>mittentur</span> <span class='ocrx_word' id='word_1_74' title='bbox 886 1423 997 1492; x_wconf 85' lang='lat' dir='ltr'>aristas,</span> 
     </span>
    </p>

    <p class='ocr_par' dir='ltr' id='par_1_10' title="bbox 260 1517 1117 1595">
     <span class='ocr_line' id='line_1_12' title="bbox 260 1517 1117 1595; baseline 0 -19"><span class='ocrx_word' id='word_1_75' title='bbox 260 1538 317 1578; x_wconf 91' lang='lat' dir='ltr'>nec</span> <span class='ocrx_word' id='word_1_76' title='bbox 338 1519 418 1595; x_wconf 88' lang='lat' dir='ltr'>prius</span> <span class='ocrx_word' id='word_1_77' title='bbox 439 1519 509 1579; x_wconf 89' lang='lat' dir='ltr'>inde</span> <span class='ocrx_word' id='word_1_78' title='bbox 532 1520 655 1578; x_wconf 89' lang='lat' dir='ltr'>domum</span> <span class='ocrx_word' id='word_1_79' title='bbox 678 1539 768 1594; x_wconf 90' lang='lat' dir='ltr'>quam</span> <span class='ocrx_word' id='word_1_80' title='bbox 790 1529 852 1577; x_wconf 89' lang='lat' dir='ltr'>tota</span> <span class='ocrx_word' id='word_1_81' title='bbox 874 1517 992 1576; x_wconf 88' lang='lat' dir='ltr'>novalia</span> <span class='ocrx_word' id='word_1_82' title='bbox 1013 1537 1117 1577; x_wconf 89' lang='lat' dir='ltr'>saevos</span> 
     </span>
    </p>

    <p class='ocr_par' dir='ltr' id='par_1_11' title="bbox 260 1615 1025 1689">
     <span class='ocr_line' id='line_1_13' title="bbox 260 1615 1025 1689; baseline 0.001 -16"><span class='ocrx_word' id='word_1_83' title='bbox 260 1615 292 1673; x_wconf 93' lang='lat' dir='ltr'>in</span> <span class='ocrx_word' id='word_1_84' title='bbox 313 1628 430 1676; x_wconf 88' lang='lat' dir='ltr'>ventres</span> <span class='ocrx_word' id='word_1_85' title='bbox 451 1619 568 1689; x_wconf 90' lang='lat' dir='ltr'>abeant,</span> <span class='ocrx_word' id='word_1_86' title='bbox 591 1627 624 1676; x_wconf 91' lang='lat' dir='ltr'>ut</span> <span class='ocrx_word' id='word_1_87' title='bbox 645 1617 749 1674; x_wconf 86' lang='lat' dir='ltr'>credas</span> <span class='ocrx_word' id='word_1_88' title='bbox 770 1615 893 1675; x_wconf 86' lang='lat' dir='ltr'>falcibus</span> <span class='ocrx_word' id='word_1_89' title='bbox 914 1627 1025 1675; x_wconf 89' lang='lat' dir='ltr'>actum.</span> 
     </span>
    </p>

    <p class='ocr_par' dir='ltr' id='par_1_12' title="bbox 261 1713 1265 1890">
     <span class='ocr_line' id='line_1_14' title="bbox 261 1713 1265 1793; baseline -0.004 -19"><span class='ocrx_word' id='word_1_90' title='bbox 261 1714 360 1775; x_wconf 85' lang='lat' dir='ltr'>dicere</span> <span class='ocrx_word' id='word_1_91' title='bbox 382 1715 430 1774; x_wconf 90' lang='lat' dir='ltr'>vix</span> <span class='ocrx_word' id='word_1_92' title='bbox 450 1716 547 1793; x_wconf 90' lang='lat' dir='ltr'>possis</span> <span class='ocrx_word' id='word_1_93' title='bbox 569 1734 658 1791; x_wconf 91' lang='lat' dir='ltr'>quam</span> <span class='ocrx_word' id='word_1_94' title='bbox 680 1713 765 1772; x_wconf 92' lang='lat' dir='ltr'>multi</span> <span class='ocrx_word' id='word_1_95' title='bbox 788 1713 859 1772; x_wconf 90' lang='lat' dir='ltr'>talia</span> <span class='ocrx_word' id='word_1_96' title='bbox 879 1714 995 1789; x_wconf 83' lang='lat' dir='ltr'>plorent</span> <span class='ocrx_word' id='word_1_97' title='bbox 1217 1732 1265 1785; x_wconf 85' lang='lat'>150</span> 
     </span>
     <span class='ocr_line' id='line_1_15' title="bbox 262 1810 888 1890; baseline -0.002 -19"><span class='ocrx_word' id='word_1_98' title='bbox 262 1823 291 1871; x_wconf 91' lang='lat' dir='ltr'>et</span> <span class='ocrx_word' id='word_1_99' title='bbox 312 1825 385 1890; x_wconf 94' lang='lat' dir='ltr'>quot</span> <span class='ocrx_word' id='word_1_100' title='bbox 405 1816 524 1873; x_wconf 90' lang='lat' dir='ltr'>venales</span> <span class='ocrx_word' id='word_1_101' title='bbox 545 1810 651 1871; x_wconf 90' lang='lat' dir='ltr'>iniuria</span> <span class='ocrx_word' id='word_1_102' title='bbox 671 1810 774 1871; x_wconf 83' lang='lat' dir='ltr'>fecerit</span> <span class='ocrx_word' id='word_1_103' title='bbox 795 1830 888 1888; x_wconf 88' lang='lat' dir='ltr'>agros.</span> 
     </span>
    </p>

    <p class='ocr_par' dir='ltr' id='par_1_13' title="bbox 262 1907 1063 1985">
     <span class='ocr_line' id='line_1_16' title="bbox 262 1907 1063 1985; baseline -0.005 -18"><span class='ocrx_word' id='word_1_104' title='bbox 262 1910 315 1969; x_wconf 92' lang='lat' dir='ltr'>sed</span> <span class='ocrx_word' id='word_1_105' title='bbox 337 1909 388 1985; x_wconf 91' lang='lat' dir='ltr'>qui</span> <span class='ocrx_word' id='word_1_106' title='bbox 409 1928 570 1981; x_wconf 88' lang='lat' dir='ltr'>sermones,</span> <span class='ocrx_word' id='word_1_107' title='bbox 592 1928 681 1984; x_wconf 84' lang='lat' dir='ltr'>quarn</span> <span class='ocrx_word' id='word_1_108' title='bbox 703 1907 809 1967; x_wconf 90' lang='lat' dir='ltr'>foedae</span> <span class='ocrx_word' id='word_1_109' title='bbox 831 1908 940 1967; x_wconf 86' lang='lat' dir='ltr'>bucina</span> <span class='ocrx_word' id='word_1_110' title='bbox 960 1909 1063 1967; x_wconf 85' lang='lat' dir='ltr'>famae.</span> 
     </span>
    </p>

    <p class='ocr_par' dir='ltr' id='par_1_14' title="bbox 263 2002 1205 2179">
     <span class='ocr_line' id='line_1_17' title="bbox 264 2002 1205 2082; baseline -0.004 -17"><span class='ocrx_word' id='word_1_111' title='bbox 264 2008 353 2082; x_wconf 91' lang='lat' dir='ltr'>‘quid</span> <span class='ocrx_word' id='word_1_112' title='bbox 375 2017 464 2066; x_wconf 91' lang='lat' dir='ltr'>nocet</span> <span class='ocrx_word' id='word_1_113' title='bbox 485 2007 596 2066; x_wconf 85' lang='lat' dir='ltr'>haec?’</span> <span class='ocrx_word' id='word_1_114' title='bbox 624 2005 720 2080; x_wconf 90' lang='lat' dir='ltr'>inquit</span> <span class='ocrx_word' id='word_1_115' title='bbox 744 2005 893 2064; x_wconf 87' lang='lat' dir='ltr'>‘tunicam</span> <span class='ocrx_word' id='word_1_116' title='bbox 916 2006 988 2064; x_wconf 92' lang='lat' dir='ltr'>mihi</span> <span class='ocrx_word' id='word_1_117' title='bbox 1010 2007 1089 2065; x_wconf 89' lang='lat' dir='ltr'>malo</span> <span class='ocrx_word' id='word_1_118' title='bbox 1111 2002 1205 2081; x_wconf 91' lang='lat' dir='ltr'>lupini</span> 
     </span>
     <span class='ocr_line' id='line_1_18' title="bbox 263 2101 905 2179; baseline 0.003 -19"><span class='ocrx_word' id='word_1_119' title='bbox 263 2122 353 2179; x_wconf 90' lang='lat' dir='ltr'>quam</span> <span class='ocrx_word' id='word_1_120' title='bbox 375 2105 400 2162; x_wconf 90' lang='lat' dir='ltr'>si</span> <span class='ocrx_word' id='word_1_121' title='bbox 421 2123 469 2163; x_wconf 92' lang='lat' dir='ltr'>me</span> <span class='ocrx_word' id='word_1_122' title='bbox 492 2114 556 2163; x_wconf 93' lang='lat' dir='ltr'>toto</span> <span class='ocrx_word' id='word_1_123' title='bbox 576 2103 678 2161; x_wconf 90' lang='lat' dir='ltr'>laudet</span> <span class='ocrx_word' id='word_1_124' title='bbox 699 2101 805 2160; x_wconf 91' lang='lat' dir='ltr'>vicinia</span> <span class='ocrx_word' id='word_1_125' title='bbox 826 2122 905 2179; x_wconf 91' lang='lat' dir='ltr'>pago</span> 
     </span>
    </p>

    <p class='ocr_par' dir='ltr' id='par_1_15' title="bbox 264 2199 1266 2371">
     <span class='ocr_line' id='line_1_19' title="bbox 264 2199 1266 2276; baseline -0.003 -17"><span class='ocrx_word' id='word_1_126' title='bbox 264 2200 358 2276; x_wconf 88' lang='lat' dir='ltr'>exigui</span> <span class='ocrx_word' id='word_1_127' title='bbox 381 2200 453 2258; x_wconf 92' lang='lat' dir='ltr'>ruris</span> <span class='ocrx_word' id='word_1_128' title='bbox 474 2199 652 2275; x_wconf 89' lang='lat' dir='ltr'>paucissima</span> <span class='ocrx_word' id='word_1_129' title='bbox 672 2200 747 2257; x_wconf 86' lang='lat' dir='ltr'>farra</span> <span class='ocrx_word' id='word_1_130' title='bbox 768 2203 938 2259; x_wconf 69' lang='lat' dir='ltr'>secantem!</span> <span class='ocrx_word' id='word_1_131' title='bbox 1220 2220 1266 2272; x_wconf 85' lang='lat'>155</span> 
     </span>
     <span class='ocr_line' id='line_1_20' title="bbox 264 2296 926 2371; baseline -0.005 -13"><span class='ocrx_word' id='word_1_132' title='bbox 264 2298 377 2358; x_wconf 87' lang='lat' dir='ltr'>scilicet</span> <span class='ocrx_word' id='word_1_133' title='bbox 398 2308 427 2356; x_wconf 93' lang='lat' dir='ltr'>et</span> <span class='ocrx_word' id='word_1_134' title='bbox 449 2297 559 2356; x_wconf 91' lang='lat' dir='ltr'>morbis</span> <span class='ocrx_word' id='word_1_135' title='bbox 581 2307 610 2356; x_wconf 91' lang='lat' dir='ltr'>et</span> <span class='ocrx_word' id='word_1_136' title='bbox 631 2296 785 2357; x_wconf 88' lang='lat' dir='ltr'>debilitate</span> <span class='ocrx_word' id='word_1_137' title='bbox 805 2298 926 2371; x_wconf 89' lang='lat' dir='ltr'>carebis,</span> 
     </span>
    </p>

    <p class='ocr_par' dir='ltr' id='par_1_16' title="bbox 264 2394 1057 2474">
     <span class='ocr_line' id='line_1_21' title="bbox 264 2394 1057 2474; baseline -0.001 -18"><span class='ocrx_word' id='word_1_138' title='bbox 264 2407 294 2456; x_wconf 90' lang='lat' dir='ltr'>et</span> <span class='ocrx_word' id='word_1_139' title='bbox 314 2397 427 2455; x_wconf 92' lang='lat' dir='ltr'>luctum</span> <span class='ocrx_word' id='word_1_140' title='bbox 449 2405 478 2453; x_wconf 89' lang='lat' dir='ltr'>et</span> <span class='ocrx_word' id='word_1_141' title='bbox 499 2415 600 2454; x_wconf 87' lang='lat' dir='ltr'>curam</span> <span class='ocrx_word' id='word_1_142' title='bbox 622 2394 750 2474; x_wconf 87' lang='lat' dir='ltr'>effugies,</span> <span class='ocrx_word' id='word_1_143' title='bbox 773 2406 803 2457; x_wconf 92' lang='lat' dir='ltr'>et</span> <span class='ocrx_word' id='word_1_144' title='bbox 824 2407 959 2472; x_wconf 89' lang='lat' dir='ltr'>tempora</span> <span class='ocrx_word' id='word_1_145' title='bbox 980 2395 1057 2455; x_wconf 90' lang='lat' dir='ltr'>vitae</span> 
     </span>
    </p>

    <p class='ocr_par' dir='ltr' id='par_1_17' title="bbox 264 2491 979 2569">
     <span class='ocr_line' id='line_1_22' title="bbox 264 2491 979 2569; baseline 0 -18"><span class='ocrx_word' id='word_1_146' title='bbox 264 2495 354 2569; x_wconf 89' lang='lat' dir='ltr'>longa</span> <span class='ocrx_word' id='word_1_147' title='bbox 375 2491 429 2552; x_wconf 90' lang='lat' dir='ltr'>tibi</span> <span class='ocrx_word' id='word_1_148' title='bbox 449 2494 574 2569; x_wconf 88' lang='lat' dir='ltr'>posthac</span> <span class='ocrx_word' id='word_1_149' title='bbox 595 2495 656 2553; x_wconf 85' lang='lat' dir='ltr'>fato</span> <span class='ocrx_word' id='word_1_150' title='bbox 678 2493 801 2554; x_wconf 90' lang='lat' dir='ltr'>meliore</span> <span class='ocrx_word' id='word_1_151' title='bbox 813 2495 979 2568; x_wconf 89' lang='lat' dir='ltr'>dabuntur,</span> 
     </span>
    </p>

    <p class='ocr_par' dir='ltr' id='par_1_18' title="bbox 265 2589 900 2667">
     <span class='ocr_line' id='line_1_23' title="bbox 265 2589 900 2667; baseline -0.005 -17"><span class='ocrx_word' id='word_1_152' title='bbox 265 2590 289 2650; x_wconf 91' lang='lat' dir='ltr'>si</span> <span class='ocrx_word' id='word_1_153' title='bbox 310 2602 426 2650; x_wconf 91' lang='lat' dir='ltr'>tantum</span> <span class='ocrx_word' id='word_1_154' title='bbox 448 2589 519 2649; x_wconf 88' lang='lat' dir='ltr'>culti</span> <span class='ocrx_word' id='word_1_155' title='bbox 540 2593 621 2650; x_wconf 93' lang='lat' dir='ltr'>solus</span> <span class='ocrx_word' id='word_1_156' title='bbox 642 2589 811 2667; x_wconf 86' lang='lat' dir='ltr'>possederis</span> <span class='ocrx_word' id='word_1_157' title='bbox 832 2590 900 2667; x_wconf 88' lang='lat' dir='ltr'>agri,</span> 
     </span>
    </p>

    <p class='ocr_par' dir='ltr' id='par_1_19' title="bbox 265 2687 1269 2860">
     <span class='ocr_line' id='line_1_24' title="bbox 266 2687 1269 2765; baseline -0.001 -18"><span class='ocrx_word' id='word_1_158' title='bbox 266 2699 411 2765; x_wconf 90' lang='lat' dir='ltr'>quantum</span> <span class='ocrx_word' id='word_1_159' title='bbox 432 2687 487 2746; x_wconf 92' lang='lat' dir='ltr'>sub</span> <span class='ocrx_word' id='word_1_160' title='bbox 508 2688 598 2746; x_wconf 91' lang='lat' dir='ltr'>Tatio</span> <span class='ocrx_word' id='word_1_161' title='bbox 619 2690 748 2764; x_wconf 93' lang='lat' dir='ltr'>populus</span> <span class='ocrx_word' id='word_1_162' title='bbox 771 2691 927 2746; x_wconf 91' lang='lat' dir='ltr'>Romanus</span> <span class='ocrx_word' id='word_1_163' title='bbox 948 2689 1056 2747; x_wconf 88' lang='lat' dir='ltr'>arabat.</span> <span class='ocrx_word' id='word_1_164' title='bbox 1222 2697 1269 2746; x_wconf 87' lang='lat'>160</span> 
     </span>
     <span class='ocr_line' id='line_1_25' title="bbox 265 2784 987 2860; baseline -0.007 -13"><span class='ocrx_word' id='word_1_165' title='bbox 265 2807 336 2847; x_wconf 90' lang='lat' dir='ltr'>mox</span> <span class='ocrx_word' id='word_1_166' title='bbox 356 2785 445 2846; x_wconf 90' lang='lat' dir='ltr'>etiam</span> <span class='ocrx_word' id='word_1_167' title='bbox 466 2784 564 2844; x_wconf 85' lang='lat' dir='ltr'>fractis</span> <span class='ocrx_word' id='word_1_168' title='bbox 585 2797 682 2845; x_wconf 87' lang='lat' dir='ltr'>aetate</span> <span class='ocrx_word' id='word_1_169' title='bbox 704 2805 739 2845; x_wconf 88' lang='lat' dir='ltr'>ac</span> <span class='ocrx_word' id='word_1_170' title='bbox 761 2784 874 2844; x_wconf 89' lang='lat' dir='ltr'>Punica</span> <span class='ocrx_word' id='word_1_171' title='bbox 894 2784 987 2860; x_wconf 91' lang='lat' dir='ltr'>passis</span> 
     </span>
    </p>

    <p class='ocr_par' dir='ltr' id='par_1_20' title="bbox 266 2879 1148 3057">
     <span class='ocr_line' id='line_1_26' title="bbox 266 2879 1148 2962; baseline -0.005 -19"><span class='ocrx_word' id='word_1_172' title='bbox 266 2883 377 2962; x_wconf 90' lang='lat' dir='ltr'>proelia</span> <span class='ocrx_word' id='word_1_173' title='bbox 397 2883 444 2942; x_wconf 92' lang='lat' dir='ltr'>vel</span> <span class='ocrx_word' id='word_1_174' title='bbox 466 2882 608 2958; x_wconf 88' lang='lat' dir='ltr'>Pyrrhum</span> <span class='ocrx_word' id='word_1_175' title='bbox 629 2881 780 2941; x_wconf 89' lang='lat' dir='ltr'>inmanem</span> <span class='ocrx_word' id='word_1_176' title='bbox 801 2879 975 2958; x_wconf 89' lang='lat' dir='ltr'>gladiosque</span> <span class='ocrx_word' id='word_1_177' title='bbox 998 2881 1148 2939; x_wconf 91' lang='lat' dir='ltr'>Molossos</span> 
     </span>
     <span class='ocr_line' id='line_1_27' title="bbox 267 2978 1034 3057; baseline -0.01 -15"><span class='ocrx_word' id='word_1_178' title='bbox 267 2983 388 3042; x_wconf 90' lang='lat' dir='ltr'>tandem</span> <span class='ocrx_word' id='word_1_179' title='bbox 409 2999 464 3057; x_wconf 95' lang='lat' dir='ltr'>pro</span> <span class='ocrx_word' id='word_1_180' title='bbox 485 2978 586 3039; x_wconf 90' lang='lat' dir='ltr'>multis</span> <span class='ocrx_word' id='word_1_181' title='bbox 606 2979 654 3038; x_wconf 85' lang='lat' dir='ltr'>vix</span> <span class='ocrx_word' id='word_1_182' title='bbox 674 2978 775 3057; x_wconf 87' lang='lat' dir='ltr'>iugera</span> <span class='ocrx_word' id='word_1_183' title='bbox 796 2979 867 3040; x_wconf 91' lang='lat' dir='ltr'>bina</span> <span class='ocrx_word' id='word_1_184' title='bbox 888 2979 1034 3038; x_wconf 83' lang='lat' dir='ltr'>dabantur</span> 
     </span>
    </p>

    <p class='ocr_par' dir='ltr' id='par_1_21' title="bbox 268 3075 1091 3154">
     <span class='ocr_line' id='line_1_28' title="bbox 268 3075 1091 3154; baseline -0.009 -14"><span class='ocrx_word' id='word_1_185' title='bbox 268 3079 446 3149; x_wconf 89' lang='lat' dir='ltr'>vulneribus,</span> <span class='ocrx_word' id='word_1_186' title='bbox 469 3097 582 3138; x_wconf 88' lang='lat' dir='ltr'>merces</span> <span class='ocrx_word' id='word_1_187' title='bbox 603 3080 677 3137; x_wconf 91' lang='lat' dir='ltr'>haec</span> <span class='ocrx_word' id='word_1_188' title='bbox 699 3077 851 3154; x_wconf 85' lang='lat' dir='ltr'>sanguinis</span> <span class='ocrx_word' id='word_1_189' title='bbox 873 3088 963 3153; x_wconf 90' lang='lat' dir='ltr'>atque</span> <span class='ocrx_word' id='word_1_190' title='bbox 984 3075 1091 3136; x_wconf 90' lang='lat' dir='ltr'>laboris</span> 
     </span>
    </p>

    <p class='ocr_par' dir='ltr' id='par_1_22' title="bbox 269 3173 1267 3349">
     <span class='ocr_line' id='line_1_29' title="bbox 269 3173 1267 3253; baseline -0.004 -17"><span class='ocrx_word' id='word_1_191' title='bbox 269 3177 356 3236; x_wconf 92' lang='lat' dir='ltr'>nullis</span> <span class='ocrx_word' id='word_1_192' title='bbox 378 3177 441 3234; x_wconf 90' lang='lat' dir='ltr'>visa</span> <span class='ocrx_word' id='word_1_193' title='bbox 461 3194 603 3253; x_wconf 90' lang='lat' dir='ltr'>umquam</span> <span class='ocrx_word' id='word_1_194' title='bbox 624 3173 737 3234; x_wconf 90' lang='lat' dir='ltr'>meritis</span> <span class='ocrx_word' id='word_1_195' title='bbox 760 3175 857 3234; x_wconf 88' lang='lat' dir='ltr'>minor</span> <span class='ocrx_word' id='word_1_196' title='bbox 877 3186 928 3233; x_wconf 88' lang='lat' dir='ltr'>aut</span> <span class='ocrx_word' id='word_1_197' title='bbox 949 3174 1079 3250; x_wconf 87' lang='lat' dir='ltr'>ingratae</span> <span class='ocrx_word' id='word_1_198' title='bbox 1222 3185 1267 3246; x_wconf 85' lang='lat'>165</span> 
     </span>
     <span class='ocr_line' id='line_1_30' title="bbox 270 3272 1024 3349; baseline -0.005 -15"><span class='ocrx_word' id='word_1_199' title='bbox 270 3286 352 3334; x_wconf 90' lang='lat' dir='ltr'>curta</span> <span class='ocrx_word' id='word_1_200' title='bbox 373 3275 447 3334; x_wconf 87' lang='lat' dir='ltr'>fides</span> <span class='ocrx_word' id='word_1_201' title='bbox 469 3272 581 3349; x_wconf 89' lang='lat' dir='ltr'>patriae</span> <span class='ocrx_word' id='word_1_202' title='bbox 593 3293 602 3347; x_wconf 91' lang='lat'>;</span> <span class='ocrx_word' id='word_1_203' title='bbox 631 3275 781 3332; x_wconf 89' lang='lat' dir='ltr'>saturabat</span> <span class='ocrx_word' id='word_1_204' title='bbox 802 3273 939 3349; x_wconf 88' lang='lat' dir='ltr'>glaebula</span> <span class='ocrx_word' id='word_1_205' title='bbox 959 3272 1024 3331; x_wconf 87' lang='lat' dir='ltr'>talis</span> 
     </span>
    </p>

    <p class='ocr_par' dir='ltr' id='par_1_23' title="bbox 271 3368 1120 3448">
     <span class='ocr_line' id='line_1_31' title="bbox 271 3368 1120 3448; baseline -0.005 -16"><span class='ocrx_word' id='word_1_206' title='bbox 271 3383 386 3448; x_wconf 90' lang='lat' dir='ltr'>patrem</span> <span class='ocrx_word' id='word_1_207' title='bbox 407 3369 506 3448; x_wconf 91' lang='lat' dir='ltr'>ipsum</span> <span class='ocrx_word' id='word_1_208' title='bbox 527 3371 705 3447; x_wconf 88' lang='lat' dir='ltr'>turbamque</span> <span class='ocrx_word' id='word_1_209' title='bbox 726 3389 823 3441; x_wconf 87' lang='lat' dir='ltr'>casae,</span> <span class='ocrx_word' id='word_1_210' title='bbox 844 3389 904 3446; x_wconf 88' lang='lat' dir='ltr'>qua</span> <span class='ocrx_word' id='word_1_211' title='bbox 925 3371 985 3429; x_wconf 85' lang='lat' dir='ltr'>feta</span> <span class='ocrx_word' id='word_1_212' title='bbox 1005 3368 1120 3428; x_wconf 89' lang='lat' dir='ltr'>iacebat</span> 
     </span>
    </p>

    <p class='ocr_par' dir='ltr' id='par_1_24' title="bbox 271 3468 976 3545">
     <span class='ocr_line' id='line_1_32' title="bbox 271 3468 976 3545; baseline -0.004 -16"><span class='ocrx_word' id='word_1_213' title='bbox 271 3490 344 3530; x_wconf 82' lang='lat' dir='ltr'>uxor</span> <span class='ocrx_word' id='word_1_214' title='bbox 363 3481 394 3531; x_wconf 92' lang='lat' dir='ltr'>et</span> <span class='ocrx_word' id='word_1_215' title='bbox 414 3468 541 3530; x_wconf 84' lang='lat' dir='ltr'>infantes</span> <span class='ocrx_word' id='word_1_216' title='bbox 562 3470 706 3530; x_wconf 89' lang='lat' dir='ltr'>ludebant</span> <span class='ocrx_word' id='word_1_217' title='bbox 727 3479 877 3545; x_wconf 90' lang='lat' dir='ltr'>quattuor,</span> <span class='ocrx_word' id='word_1_218' title='bbox 899 3487 976 3527; x_wconf 92' lang='lat' dir='ltr'>unus</span> 
     </span>
    </p>
   </div>
   <div class='ocr_carea' id='block_1_3' title="bbox 316 3672 1223 3752">
    <p class='ocr_par' dir='ltr' id='par_1_25' title="bbox 316 3672 1223 3752">
     <span class='ocr_line' id='line_1_33' title="bbox 316 3672 1223 3752; baseline -0.03 -11"><span class='ocrx_word' id='word_1_219' title='bbox 316 3691 366 3743; x_wconf 78' lang='lat'>¹39</span> <span class='ocrx_word' id='word_1_220' title='bbox 396 3682 479 3734; x_wconf 80' lang='lat' dir='ltr'>crevit</span> <span class='ocrx_word' id='word_1_221' title='bbox 490 3681 563 3736; x_wconf 73' lang='lat' dir='ltr'>PT:</span> <span class='ocrx_word' id='word_1_222' title='bbox 580 3684 722 3752; x_wconf 74' lang='lat' dir='ltr'>crescttpa</span> <span class='ocrx_word' id='word_1_223' title='bbox 848 3695 896 3750; x_wconf 82' lang='lat'>149</span> <span class='ocrx_word' id='word_1_224' title='bbox 930 3675 1037 3734; x_wconf 63' lang='lat' dir='ltr'>abeautl</span> <span class='ocrx_word' id='word_1_225' title='bbox 1046 3673 1163 3720; x_wconf 77' lang='lat' dir='ltr'>babeant</span> <span class='ocrx_word' id='word_1_226' title='bbox 1176 3672 1223 3717; x_wconf 88' lang='lat' dir='ltr'>PT</span> 
     </span>
    </p>
   </div>
   <div class='ocr_carea' id='block_1_4' title="bbox 0 0 1522 4134">
    <p class='ocr_par' dir='ltr' id='par_1_26' title="bbox 0 0 1522 4134">
     <span class='ocr_line' id='line_1_34' title="bbox 0 0 1522 4134; baseline 0 0"><span class='ocrx_word' id='word_1_227' title='bbox 0 0 1522 4134; x_wconf 95' lang='lat' dir='ltr'> </span> 
     </span>
    </p>
   </div>
  </div>
 </body>
</html>
