2992 4134
255 389 293 454 53
381 367 408 418 -’
654 380 851 430 rvvnnnurs

181 529 222 571 (’
252 510 381 613 gestetur
401 534 543 594 dominus
563 530 701 645 quotiens
722 529 917 606 pluit-anne
938 547 1074 588 serenum

238 645 388 715 expectet
410 643 586 708 spargatque
607 605 673 690 luto
691 628 825 689 iumenta
845 628 977 689 recenti?

252 730 302 789 hic
322 731 430 807 potius,
453 734 583 804 namque
604 727 653 787 hic
674 728 806 787 mundae
827 725 900 787 nitet
921 727 1031 803 ungula
1051 725 1149 783 mulae
1160 744 1169 796 ;

253 838 336 903 parte
357 827 419 886 alia
434 824 530 902 longis
552 823 750 884 Numidarum
771 826 845 884 fulta
865 822 1012 884 columnis

254 934 352 1008 surgat
374 934 403 983 et
423 924 571 1000 algentem
592 921 701 999 rapiat
706 921 825 1026 cenatio
847 925 950 997 solem.

254 1021 486 1097 quanticumque
507 1020 632 1102 ιῘοιιιιιελ
645 1000 812 1080 rediet*
766 1020 818 1097 qui
838 1022 949 1080 fercula
968 1020 1057 1079 docte

254 1127 413 1194 conponat,
434 1115 534 1176 veniet
555 1115 607 1191 qui
627 1116 824 1193 pulmentaria
845 1115 1021 1188 condit..·
1120 1154 1127 1164 κ
1165 1116 1171 1181 ,ἱ
1192 1098 1271 1205 (185)

254 1219 309 1276 hos
330 1217 406 1275 inter
427 1224 562 1290 sumptus
583 1215 717 1289 sestertia
738 1213 933 1289 Quintiliano,
1275 1196 1279 1206 ⁸

254 1325 287 1373 ut
308 1315 442 1382 multum,
464 1312 526 1370 du'o
543 1291 709 1381 ειιῖᾒοίειιις
737 1313 887 1381 remulla
907 1309 1028 1369 minoris

254 1408 402 1470 constabit
422 1407 498 1484 patri
520 1426 644 1500 quarn¹
630 1408 714 1468 filius
760 1410 857 1467 ‘unde
878 1406 966 1484 igitur
986 1418 1030 1467 tot

255 1506 457 1583 Quintilianus
538 1482 712 1566 et'saltusi'
737 1507 874 1582 exempla
894 1524 1040 1565 novorum

254 1605 380 1662 fatorum
401 1599 510 1660 transi.
567 1600 606 1660 lix
627 1613 657 1662 et
631 1603 781 1685 pulcer
802 1613 831 1662 et
849 1622 928 1691 acer,

254 1700 323 1760 felix
343 1710 377 1794 et
393 1717 511 1774 sapiens
532 1709 563 1758 et
583 1698 693 1758 nobilis
714 1710 743 1759 et
764 1718 933 1775 generosus,

247 1784 421 1873 adpositam
442 1795 543 1872 nigrae
563 1797 664 1854 lunam
686 1795 816 1856 subtexit
837 1797 953 1869 alutae3

254 1894 323 1953 felix
343 1904 442 1952 orator
462 1912 687 1969 quoque
603 1893 748 1952 maximus
770 1903 799 1952 et
819 1893 970 1963 iaculator,

255 2001 285 2050 et
306 1989 331 2049 si
351 1989 490 2067 perfrixit,
512 2000 612 2049 cantat
633 1992 720 2050 bene
762 1962 852 2050 oslif
873 1989 953 2049 enim
975 2009 1051 2064 qnae

255 2089 351 2148 sidera
372 2098 401 2147 te
423 2087 586 2176 excipiant
592 2089 683 2148 modo
704 2087 816 2163 primos
837 2087 1030 2164 incipientem
1208 2110 1252 2161 195

255 2186 344 2244 edere
364 2182 480 2260 vagitus
485 2194 532 2265 7et
552 2185 650 2243 adhuc
670 2203 689 2243 a
709 2195 802 2243 matre
822 2185 985 2244 rubentem.

255 2282 280 2341 si
301 2285 434 2342 Fortuna
454 2263 543 2352 volet,
564 2283 618 2340 fies
639 2282 678 2341 de
698 2282 816 2341 rhetore
837 2283 959 2354 consul3

255 2379 280 2440 si
301 2381 380 2440 volet
401 2379 475 2438 haec
496 2379 610 2451 eadem,
632 2380 684 2439 fiet
705 2382 743 2440 de
764 2383 887 2439 consule
907 2381 1014 2440 rhetor.

256 2475 413 2536 Ventidius
434 2475 506 2553 quid
528 2475 629 2536 enim?
656 2476 729 2552 quid
751 2477 887 2537 Tullius?
914 2497 992 2537 anne
1013 2477 1091 2538 aliud
1115 2498 1203 2554 quarn

256 2573 337 2635 sidus
358 2585 388 2635 et
409 2573 519 2633 occulti
540 2574 675 2633 miranda
695 2575 830 2650 potentia
850 2575 924 2634 fati?
1206 2601 1254 2637 200

217 2654 225 2662 ¹
256 2670 346 2730 servis
367 2690 457 2748 regna
478 2671 601 2758 dabunt
609 2670 749 2753 captivis
770 2635 829 2732 fala
852 2673 1042 2748 triumphurn.

255 2768 324 2828 felix
345 2768 394 2829 ille
416 2779 516 2828 tamen
537 2759 626 2829 corvo
648 2789 769 2846 quoque
788 2771 879 2830 rarior
899 2774 978 2847 albu,

255 2867 401 2944 paenituit
423 2868 534 2927 multos
555 2886 649 2925 vanae
670 2867 835 2943 sterilisque
857 2869 1023 2940 cathedrae,

241 2964 331 3024 sicut
353 2963 521 3040 Lysimachi
544 2963 649 3038 probat
670 2964 764 3024 exitus
786 2977 875 3042 atque
896 2967 1026 3027 Secundi

256 3058 435 3130 Carrinatis3
463 3070 493 3118 et
514 3059 594 3117 hunc
614 3057 735 3135 inopem
757 3059 881 3133 vidistis,
904 3063 1051 3133 Athenae,
1207 3085 1253 3137 205

201 3180 203 3187 ·
256 3156 298 3215 nil
319 3165 433 3232 praeter
454 3154 566 3231 gelidas
587 3175 676 3224 ausae
696 3157 830 3216 conferre
851 3157 970 3220 cicutas

256 3253 296 3326 di,
318 3252 461 3312 maiorum
484 3251 596 3311 umbris
605 3265 739 3322 ,tenuem
761 3265 791 3314 et
813 3254 877 3314 sine
898 3257 1033 3332 pondere
1054 3268 1160 3348 terram

256 3349 452 3461 spirantisqqe
474 3367 577 3409 crocos
599 3360 628 3409 et
649 3349 680 3409 in
701 3370 776 3440 iqua
796 3351 979 3429 perpetuum
983 3373 1053 3432 νει,

256 3465 306 3521 qur
328 3456 551 3539 praeceptorem
573 3445 668 3505 sancti
688 3448 808 3508 voluere
829 3451 960 3526 parentis

364 3653 409 3700 180
442 3653 563 3714 iumenta]
580 3654 738 3704 tumentiaP
867 3659 912 3724 198
945 3657 987 3707 fiet
998 3659 1034 3707 P:
1053 3657 1097 3708 fies
1103 3667 1143 3724 pu
