2992 4134
252 357 293 418 30
650 351 850 400 rvvnuams

250 511 426 576 tempestate
447 519 541 576 paras,
564 499 684 574 iamque
705 519 723 558 a
743 510 865 558 tonsore
887 497 1029 574 magistro

249 600 383 677 pecteris,
406 609 435 658 et
457 597 550 674 digito
571 598 678 676 pignus
699 599 822 657 fortasse
844 594 960 655 dedisti.

250 709 329 758 certe
350 717 439 756 sanus
461 715 532 757 eras.
577 715 708 768 uxorem,
731 699 880 766 Postume,
904 695 1011 753 ducis?

251 796 308 867 dic,
331 816 390 872 qua
411 794 586 872 Tisiphone,
609 794 716 871 quibus
738 793 885 872 exagitare
906 790 1057 852 colubris?

250 896 324 955 ferre
345 904 432 971 potes
454 893 607 954 dominam
628 892 715 954 salvis
737 904 782 953 tot
803 892 928 952 restibus
949 891 1049 964 ullam,

251 1012 319 1052 cum
340 1004 463 1068 pateant
484 993 561 1052 altae
582 991 803 1070 caligantesque
824 993 978 1062 fenestrae,

251 1109 319 1148 cum
341 1088 393 1149 tibi
414 1089 543 1148 vicinum
565 1109 597 1148 se
618 1089 758 1165 praebeat
781 1086 925 1147 Aemilius
946 1087 1045 1164 pons?

291 1187 344 1246 sed
365 1187 462 1262 placet
484 1184 606 1244 Ursidio
627 1187 675 1244 lex
697 1184 781 1255 Iulia,
804 1185 907 1244 tollere
929 1185 1048 1243 dulcem

252 1283 361 1361 cogitat
383 1284 532 1354 heredem,
555 1282 696 1342 cariturus
716 1294 828 1342 turture
849 1301 958 1358 magno

253 1383 471 1456 mullorumque
491 1380 568 1441 iubis
590 1392 620 1441 et
640 1392 794 1457 captatore
814 1381 949 1439 macello.

253 1477 326 1556 quid
347 1477 409 1538 fieri
430 1498 491 1538 non
512 1498 601 1556 posse
622 1490 718 1556 putes,
739 1478 765 1538 si
785 1477 916 1554 iungitur
936 1478 997 1535 ulla

253 1575 397 1637 Ursidio?
425 1576 450 1635 si
469 1579 662 1638 moechorum
684 1576 855 1637 notissimus
877 1575 949 1636 olim

254 1677 344 1735 stulta
363 1674 487 1735 maritali
509 1675 568 1735 iam
589 1676 710 1753 porrigit
731 1695 783 1735 ora
804 1673 940 1752 capistro,

254 1792 344 1849 quem
365 1773 473 1834 totiens
495 1773 567 1834 texit
587 1772 706 1851 perituri
727 1773 802 1833 cista
823 1772 943 1832 Latini?

254 1872 327 1948 quid
349 1873 430 1948 quod
451 1884 481 1932 et
502 1871 630 1948 antiquis
652 1891 725 1930 uxor
746 1872 784 1930 de
806 1870 938 1930 moribus
961 1870 1002 1929 illi

255 1968 424 2046 quaeritur?
452 1950 609 2041 o'medici,
631 1968 753 2028 nimiam
775 1967 945 2044 pertundite
966 1986 1080 2027 venam.

255 2067 375 2128 delicias
397 2066 531 2126 hominis.
575 2065 737 2142 Tarpeium
759 2067 849 2124 limen
870 2065 962 2125 adora

255 2186 365 2244 pronus
387 2177 416 2225 et
436 2150 568 2224 auratam
591 2163 700 2223 lunoni
721 2163 814 2223 caede
836 2163 1000 2233 iuvencam,

256 2264 281 2324 si
301 2262 355 2324 tibi
376 2261 530 2340 contigerit
552 2261 657 2337 capitis
679 2271 815 2320 matrona
835 2259 945 2337 pudici.

296 2362 497 2439 porticibusne
518 2359 573 2418 tibi
594 2368 772 2418 monstratur
792 2358 901 2417 semina
922 2369 992 2418 voto

256 2460 346 2536 digna
367 2462 441 2518 tuo?
469 2456 571 2516 cuneis
592 2477 631 2516 an
651 2459 763 2516 habent
785 2457 954 2533 spectacula
975 2453 1044 2515 totis

257 2558 340 2633 quod
362 2575 481 2616 securus
502 2575 584 2616 ames
605 2557 747 2632 quodque
768 2554 838 2614 inde
861 2574 1017 2631 excerpere
1038 2554 1156 2631 possis?

258 2666 352 2730 nupta
373 2653 502 2714 senatori
523 2654 665 2714 comitata
686 2664 731 2713 est
752 2653 850 2730 Eppia
869 2653 972 2712 ludum

258 2756 298 2814 ad
320 2756 437 2812 Pharon
460 2763 489 2812 et
511 2752 615 2812 Nilum
637 2754 810 2827 famosaque
832 2749 951 2810 moenia
972 2752 1053 2828 Lagi,

258 2851 392 2930 prodigia
413 2862 443 2910 et
464 2869 562 2909 mores
583 2849 664 2909 urbis
685 2850 848 2908 damnante
869 2850 1003 2926 Canopo

259 2950 407 3009 inmemor
427 2947 477 3006 illa
497 2948 605 3006 domus
628 2957 657 3006 et
677 2944 813 3022 coniugis
833 2956 923 3021 atque
945 2949 1051 3005 sororis

259 3045 300 3105 nil
320 3044 432 3123 patriae
452 3042 583 3115 indulsit,
604 3045 814 3121 plorantesque
835 3041 973 3119 improba
993 3056 1088 3116 natoS,

259 3155 351 3219 utque
373 3140 466 3218 magis
487 3152 614 3218 stupeas,
637 3142 723 3200 ludos
746 3141 945 3215 Paridemque
966 3139 1091 3215 reliquit.

260 3242 312 3300 sed
334 3256 515 3315 quamquam
537 3237 567 3296 in
588 3237 703 3314 magnis
725 3237 833 3314 opibus
853 3237 1014 3314 plumaque
1036 3247 1159 3312 patema

260 3349 289 3397 et
311 3334 500 3412 segmentatis
521 3335 678 3396 dormisset
699 3335 822 3412 parvula
842 3333 934 3409 cunis,

260 3431 439 3509 contempsit
460 3434 600 3509 pelagus3
628 3435 737 3491 famam
759 3440 979 3507 contempserat
1000 3429 1080 3504 olim,

518 3616 549 3662 82
583 3613 667 3661 ludum
681 3614 739 3663 Po:
756 3613 851 3663 ludium
863 3630 925 3663 some
936 3629 993 3662 mss.
