2992 4134
274 389 314 452 50
670 381 870 432 rvvuunurs

272 535 378 594 iudice.
423 552 548 641 rumpe
548 531 637 591 miser
658 544 777 590 tensum
798 529 887 600 iecur,
909 540 974 588 utt
963 528 1016 588 tibi
1039 530 1127 604 lasso

272 633 400 708 figantur
420 600 548 703 virides,
560 631 703 688 scalarum
724 628 825 706 gloria,
848 574 973 704 palmala

273 730 355 806 quod
376 727 456 789 vocis
477 727 627 806 pretium?
654 726 749 786 siccus
770 727 982 804 petasunculus
1003 737 1033 786 e
1055 745 1106 784 vas

272 826 476 916 pelanryduni'
485 831 536 884 aut
556 837 679 896 veteres,
704 826 878 884 Maurorum
900 822 1057 900 epimenia,
1078 822 1162 882 bulbi
1227 845 1274 882 rao

272 933 323 982 aut
344 922 446 980 vinum
451 913 568 981 Tiberi
590 921 779 992 devectum,
779 919 911 996 quinque
932 922 1066 997 lagonae.

273 1022 297 1080 si
319 1020 423 1096 quater
444 1018 537 1096 egisti,
560 1017 584 1077 si
605 1018 729 1106 contigit
751 1037 857 1078 aureus
808 1037 962 1096 unus,

275 1118 343 1178 inde
364 1119 476 1177 cadunt
497 1126 594 1192 partes
616 1102 793 1186 exj'nedere
813 1099 1069 1193 pragmaticorum

273 1211 402 1274 Aemilio
423 1213 542 1272 dabitur
562 1223 706 1288 quantum
727 1212 804 1283 licet,
827 1224 857 1272 et
877 1211 982 1272 melius
1004 1231 1059 1271 nos

274 1314 394 1388 egimus.
438 1309 526 1368 huius
547 1281 627 1367 eniln
649 1320 707 1368 stat
728 1328 828 1368 currus
849 1329 966 1382 aeneus,
989 1307 1040 1367 alti
1225 1291 1288 1414 Q

274 1374 696 1506 quadriiuges‘rrsfflhulis,
718 1418 808 1483 atque
828 1407 893 1483 ipse
901 1405 1006 1493 Jferoci

274 1493 417 1567 bellatore
437 1505 718 1610 sedensjcurvatum
739 1502 845 1584 hastile
867 1501 995 1561 minatur

219 1580 402 1671 ‚eminus
412 1611 442 1660 et
463 1611 560 1660 statua
581 1598 739 1659 meditatur
760 1579 882 1676 proelia,
892 1600 998 1658 lusca.

274 1701 317 1761 sic
338 1699 435 1758 Pedo
444 1691 610 1769 conturbat,
635 1698 741 1756 Matho
764 1695 871 1769 deficit,
895 1695 988 1755 exitus
1008 1694 1057 1754 hic
1079 1705 1124 1754 est

275 1802 342 1858 Tou
364 1797 414 1870 ilii,
436 1815 546 1872 magno
568 1814 635 1854 cum
657 1793 845 1854 rhinocerote
866 1774 957 1854 lavari

274 1894 384 1970 qui
347 1896 422 1954 solet
444 1904 474 1953 et
494 1903 579 1953 vexat
568 1892 744 1951 tlutulenta
765 1894 872 1952 balnea
892 1893 979 1952 turba

275 1955 532 2068 perquelsorum
524 2007 645 2048 iuvenes
666 1990 757 2065 longo
778 1971 886 2065 prei‘nit
907 2009 1003 2050 assere
1027 1990 1153 2049 Maedos

276 2099 446 2178 empturus
449 2106 556 2163 pueros
578 2097 754 2165 argentum
754 2087 883 2146 murrina
899 2088 1007 2167 villas3

257 2187 404 2266 -sprmdet
425 2183 504 2244 'enim
525 2182 616 2258 Tyrio
633 2142 781 2242 stlattarid
745 2204 931 2274 purpura
951 2185 1009 2243 filo.

276 2294 305 2342 et
326 2294 427 2340 tamen
448 2291 493 2339 est
514 2278 571 2339 illis
592 2280 651 2339 hoc
672 2281 751 2340 utile.
794 2300 922 2367 purpura
943 2283 1045 2359 vendit
1212 2326 1217 2337 .

275 2379 467 2450 causidicum,
490 2378 625 2438 vendunt
646 2378 862 2483 amethystiua3
890 2342 1043 2439 convenii
1046 2379 1093 2459 illi

259 2488 306 2537 et
326 2475 448 2552 strepitu
470 2485 500 2535 et
520 2474 594 2533 facie
615 2474 734 2558 maioris
755 2454 853 2537 vivere
873 2495 988 2564 census,

276 2575 329 2633 sed
350 2575 440 2631 finem
461 2557 605 2648 iispensae
627 2590 688 2630 non
709 2584 805 2630 servat
826 2533 998 2661 prodigi
972 2574 1078 2631 Roma.

275 2670 395 2730 fidimus
416 2667 558 2744 eloquio?
586 2666 726 2729 Ciceroni
746 2687 837 2728 nemo
858 2669 1004 2728 ducentos

276 2786 357 2826 nunc
377 2765 492 2825 dederit
514 2783 660 2836 nummos,
682 2765 738 2824 nisi
760 2763 873 2824 fulserit
893 2764 1027 2824 anulus
1019 2785 1130 2842 ingens.
1230 2789 1276 2837 140

276 2861 395 2938 respicit
415 2863 490 2920 haec
511 2861 640 2936 primum
661 2861 713 2937 qui
734 2861 835 2936 litigat,
858 2880 898 2919 an
919 2859 973 2919 tibi
995 2861 1069 2920 servi

276 2971 355 3033 oct0,
377 2960 483 3043 decem
504 2957 638 3030 comites,
661 2977 699 3015 an
720 2968 789 3033 post
809 2968 839 3016 te
861 2959 941 3030 sella,
963 2960 1055 3034 togati

276 3068 328 3117 ant
330 3077 346 3117 e
366 3058 467 3133 pedes.
510 3055 580 3114 ideo
601 3055 751 3114 conducta
772 3055 880 3113 Paulus
901 3057 1040 3130 agebat·

276 3155 469 3231 sardonyche,
491 3163 580 3249 atque
601 3152 669 3211 ideo
691 3150 782 3228 pluris
803 3170 893 3227 quam
916 3153 1020 3211 Gallus
1041 3086 1155 3243 agebat,

277 3269 366 3326 quam
388 3249 513 3308 Basilus
521 3258 538 3335 ι
554 3268 618 3324 ωε
638 3248 773 3317 ιιιιειιιιι
793 3247 933 3306 facundia
954 3267 994 3324 p
971 3223 1102 3333 ml

277 3349 398 3424 quando
419 3346 489 3406 licet
509 3345 608 3405 Basilo
628 3346 751 3405 flentem
772 3346 937 3422 producere
958 3348 1104 3405 matrem?

276 3444 342 3522 quis
363 3446 442 3504 bene
462 3442 613 3503 dicentem
635 3442 767 3502 Basilum
789 3444 885 3502 ferat?
912 3442 1040 3518 accipiat
1061 3455 1091 3503 te

278 3540 375 3600 Gallia
394 3542 442 3600 vel
462 3539 561 3615 potius
581 3541 728 3599 nutricula
748 3538 965 3598 causidicorum

464 3665 509 3716 ¹39
541 3651 641 3701 fidimus
651 3652 752 3718 eloquio
762 3653 789 3702 P
793 3670 800 3703 ι
817 3659 844 3702 ut
856 3654 957 3704 redeant
969 3661 1063 3702 veteres
1075 3671 1093 3703 ω
