2992 4134
520 344 634 393 LIBER
658 345 724 395 1111.
748 345 892 395 SATVRA
917 346 964 395 XI.

242 501 349 550 notum
371 491 422 567 qui
442 491 526 568 pueri
546 492 701 589 qualisque
722 494 851 609 sutura
840 492 877 554 sit
899 512 979 554 uxor

242 598 276 646 ut
296 590 398 671 tamen
419 601 449 649 et
469 609 576 667 poscas
597 591 709 668 aliquid
728 584 900 668 voveasque
920 562 1108 653 memsam
1119 615 1134 623 ··

188 691 311 841 (exta
331 692 361 742 et
382 683 534 743 candiduli
554 684 656 746 divina
676 688 826 746 tomacula
847 685 939 763 porci,
1195 710 1242 762 355

241 780 387 840 orandum
409 793 454 843 est
475 794 507 844 ut
528 783 566 871 sit
587 804 672 848 mens
693 804 765 844 sana
787 783 817 843 in
839 803 963 861 corpore
984 803 1066 844 sano.
1163 853 1167 864 q

240 882 348 942 fortem
368 900 460 958 posce
479 880 612 943 animum
621 880 741 987 mortis
758 894 868 944 terrore
888 893 1049 952 carentem,

240 972 292 1055 qhi
314 976 443 1056 spatium
462 978 542 1039 vitae
562 944 756 1039 er‘tremurh
747 989 825 1040 rnter
846 998 969 1040 munera
989 989 1083 1058 ponat

240 1084 372 1145 naturae,
394 1073 446 1150 qui
466 1075 541 1135 ferre
562 1085 652 1151 queat
674 1093 881 1151 quoscumque
901 1078 1027 1148 labores,

240 1172 354 1230 nesciat
375 1169 470 1242 irasci,
477 1171 593 1289 cupjat
613 1170 688 1231 nihil
709 1182 739 1232 et
760 1173 891 1249 potiores
1195 1184 1244 1246 3⁶0

242 1265 399 1328 Herculis
396 1230 566 1330 aerumnas
570 1245 682 1329 crerint
702 1287 867 1363 saevosque
887 1270 1004 1331 labores

240 1374 271 1423 et
291 1382 398 1424 venere
419 1357 449 1424 et
471 1362 552 1424 cenis
573 1375 603 1424 et
623 1365 726 1442 pluma
746 1367 957 1444 Sardanapalli

217 1473 375 1570 smonstro
395 1463 478 1539 quod
498 1461 561 1539 ipse
583 1461 637 1523 tibi
658 1464 756 1541 possis
777 1464 857 1537 dare,
879 1463 985 1525 semita
1006 1476 1087 1525 certe

213 1578 219 1635 t
239 1559 416 1637 tranquillae
436 1578 490 1637 per
509 1557 648 1621 virtutem
668 1551 752 1638 patet
772 1562 861 1621 unica
881 1559 967 1622 vitae.
987 1604 990 1609 ·

219 1636 353 1715 'nullum
375 1673 487 1716 numen
507 1656 599 1729 habes
621 1654 646 1716 si
666 1655 704 1715 sit
723 1655 891 1734 prudentia,
914 1674 969 1715 nos
991 1667 1029 1730 te,
1194 1668 1240 1732 365

239 1773 295 1814 nos
315 1751 447 1826 iacimus,
471 1756 610 1828 Fortuna,
632 1756 721 1814 deam
742 1755 886 1832 caeloque
907 1754 1052 1814 locamus.

613 2201 778 2262 SATVRA
806 2202 860 2260 XI.

237 2370 354 2432 Atticus
375 2371 481 2435 eximie
502 2373 527 2435 si
547 2384 642 2446 cenat,
664 2374 762 2432 lautus
784 2374 927 2432 habetur:

236 2469 261 2527 si
283 2468 411 2544 Rutilus,
433 2471 565 2530 demens.
608 2468 682 2546 quid
703 2468 783 2529 enirn
805 2471 917 2528 niaiore
938 2465 1087 2528 cachinno

236 2568 381 2646 excipitur
400 2570 479 2647 vulgi
500 2587 590 2647 quam
611 2587 725 2646 pauper
745 2565 892 2644 Apicius?
919 2565 1017 2648 omnis

236 2666 390 2726 convictus
412 2668 544 2728 thermae
565 2669 717 2739 stationes,
739 2684 829 2725 omne
849 2664 998 2725 theatrum

235 2762 275 2822 de
295 2761 408 2823 Rutilo.
451 2781 522 2822 nam
544 2763 616 2823 dum
637 2761 737 2823 valida
758 2779 794 2820 ac
814 2760 962 2819 iuvenalia
983 2762 1116 2820 membra
1222 2780 1235 2832 5

237 2861 383 2919 sufficiunt
403 2861 506 2937 galeae
528 2860 660 2937 dumque
681 2860 766 2919 ardet
788 2857 939 2936 sanguine,
961 2860 1052 2918 fertur

237 2975 298 3029 non
317 2967 445 3034 cogente
466 2955 589 3040 quidem
610 2959 664 3018 sed
686 2975 743 3016 nec
764 2954 944 3031 prohibente
965 2953 1085 3013 tribuno

236 3053 394 3133 scripturus
414 3057 495 3133 leges
516 3066 546 3116 et
566 3053 646 3132 regia
667 3055 758 3114 verba
778 3055 911 3113 lanistae.

236 3155 342 3214 multos
362 3173 451 3230 porro
471 3153 564 3227 vides,
586 3172 662 3231 quos
683 3171 773 3230 saepe
795 3153 894 3211 elusus
915 3150 954 3208 ad
975 3147 1073 3224 ipsum

235 3252 362 3314 creditor
382 3251 535 3315 introitum
556 3254 632 3314 solet
654 3263 811 3329 expectare
834 3246 959 3318 macelli,
1206 3267 1235 3302 ro

234 3363 265 3413 et
284 3352 392 3429 quibus
413 3350 444 3411 in
466 3353 530 3411 solo
551 3351 672 3412 vivendi
692 3367 782 3410 causa
803 3347 903 3422 palato
926 3354 977 3404 est.

234 3448 365 3528 egregius
386 3459 473 3512 cenat
493 3449 659 3525 meliusque
681 3445 860 3506 miserrimus
882 3443 988 3502 horum

298 3625 357 3689 365'
376 3627 454 3678 haber
465 3629 505 3677 P:
522 3628 593 3676 abest
598 3633 619 3690 p
716 3591 774 3688 211'5
808 3621 932 3672 iuvenalia
943 3622 1007 3670 PT:
1025 3617 1168 3680 iuveniliap
