2992 4134
273 386 314 462 78
671 393 869 444 1vvuuan1s

273 562 328 603 nec
349 542 511 603 metuenda
532 540 594 614 tibi,
616 540 761 602 siccatum
783 541 887 618 frigore
909 551 1068 618 postquam

272 649 450 698 autumnum
471 648 501 698 et
521 638 604 698 crudi
625 657 752 714 posuere
774 638 905 716 pericula
927 637 998 698 suci

273 737 347 797 haec
367 737 438 796 olim
460 735 553 796 nostri
573 734 632 796 iam
654 735 803 796 luxuriosa
825 747 944 796 senatus

273 853 349 894 cena
369 834 431 894 suit.
475 834 582 896 Curius
603 853 695 911 parvo
716 853 794 910 quae
815 834 925 909 legerat
947 834 1033 892 horto
1191 912 1194 917 Ι

274 932 338 1009 ipse
358 932 432 993 focis
455 933 592 994 brevibus
613 934 744 1011 ponebat
766 918 930 1004 holuscula,
952 952 1030 1008 quae
1052 950 1131 992 nunc

274 1033 427 1108 squalidus
447 1031 479 1091 in
499 1050 607 1107 magua
628 1031 739 1090 fastidit
761 1032 909 1107 compede
931 1032 1034 1103 fossor,

274 1129 325 1204 qui
347 1129 481 1189 meminit
502 1128 615 1188 calidae
637 1128 731 1205 sapiat
753 1128 826 1204 quid
847 1129 934 1187 vulva
955 1127 1092 1205 popinae.

275 1225 345 1284 sicci
366 1237 446 1301 terga
467 1225 526 1284 suis
547 1244 611 1283 rara
631 1223 796 1300 pendentia
817 1235 896 1284 crate

275 1322 365 1382 moris
386 1333 448 1382 erat
468 1323 621 1398 quondam
643 1321 725 1382 iestis
747 1340 863 1381 servare
886 1320 1000 1393 diebus,

275 1430 305 1478 et
327 1418 495 1478 natalicium
518 1418 651 1496 cognatis
673 1437 785 1494 ponere
807 1418 923 1476 lardum

275 1516 437 1575 accedente
458 1534 545 1589 nova,
567 1515 702 1592 siquam
724 1515 814 1574 dabat
835 1512 942 1586 hostia,
965 1531 1059 1571 carne.

276 1624 469 1690 cognatorum
491 1612 597 1690 aliquis
618 1611 704 1673 titulo
726 1623 770 1672 ter
791 1610 922 1670 consulis
943 1622 1033 1686 atque

275 1722 438 1771 castrorum
459 1711 589 1788 imperiis
610 1721 640 1771 et
661 1709 814 1771 dictatoris
836 1711 950 1768 honore

276 1810 394 1868 functus
416 1810 455 1869 ad
475 1809 528 1868 has
549 1809 651 1884 epulas
673 1808 761 1868 solito
783 1809 926 1867 maturius
947 1806 1010 1865 ibat

276 1916 406 1964 erectum
427 1906 543 1965 domito
565 1907 692 1965 referens
714 1925 732 1963 a
754 1915 856 1965 monte
878 1904 1016 1981 ligonem.

276 2023 344 2062 cum
366 2013 525 2063 tremerent
545 2011 645 2061 autern
667 2001 775 2061 Fabios
797 2002 964 2077 durumque
986 2003 1132 2061 Catonem
1181 2038 1183 2042 .

276 2112 306 2160 et
328 2102 453 2160 Scauros
475 2110 505 2158 et
527 2097 703 2171 Fabricium,
725 2109 877 2176 postremo
900 2117 1017 2159 severos

276 2195 406 2257 censoris
427 2214 524 2254 mores
546 2194 634 2255 etiam
656 2196 771 2270 collega
793 2194 917 2266 timeret,

276 2313 365 2354 nemo
388 2294 462 2353 inter
483 2311 567 2353 curas
589 2303 618 2352 et
640 2293 713 2352 seria
735 2293 819 2352 duxit
841 2293 1012 2352 habendum

276 2392 371 2469 qualis
393 2391 423 2450 in
445 2393 568 2452 Oceano
590 2391 682 2450 fluctu
704 2391 823 2451 testudo
844 2401 967 2462 nataret,

276 2493 388 2550 clarum
409 2488 586 2565 Troiugenis
607 2491 719 2550 iactura
740 2500 771 2549 et
792 2487 892 2549 nobile
913 2490 1047 2558 fulcrum,

277 2588 330 2648 sed
353 2587 434 2646 nudo
455 2587 546 2644 latere
567 2595 597 2644 et
618 2585 715 2661 parvis
737 2587 817 2645 frons
839 2603 926 2644 aerea
946 2581 1030 2643 lectis

223 2725 225 2728 -
277 2684 334 2744 vile
355 2681 489 2741 coronati
511 2692 602 2757 caput
624 2682 801 2741 ostendebat
822 2681 913 2755 aselli,

277 2784 316 2843 ad
337 2781 419 2858 quod
441 2779 543 2840 lascivi
563 2780 707 2840 ludebant
728 2779 801 2838 ruris
823 2777 944 2839 alumni.

278 2882 351 2940 tales
373 2896 442 2954 ergo
463 2875 530 2950 cibi,
553 2876 649 2952 qualis
670 2877 778 2935 domus
801 2887 890 2952 atque
912 2874 1053 2951 supellex.

278 2989 350 3038 tunc
370 2974 451 3036 rudis
472 2985 502 3034 et
523 2972 627 3035 Graias
648 2971 747 3032 mirari
769 2973 887 3032 nescius
908 2983 984 3032 artes

279 3074 400 3135 urbibus
420 3074 528 3133 eversis
550 3072 724 3147 praedarum
747 3069 779 3128 in
799 3081 885 3147 parte
905 3079 1022 3148 reperta

280 3191 453 3250 magnorum
474 3170 619 3232 artificum
641 3170 796 3248 frangebat
816 3171 925 3245 pocula
946 3169 1039 3241 miles,

279 3281 312 3330 ut
333 3270 459 3348 phaleris
479 3269 621 3348 gauderet
643 3285 713 3327 ecus
734 3267 908 3342 caelataque
929 3268 1020 3327 cassis

281 3370 447 3430 Romuleae
467 3366 623 3428 simulacra
644 3367 722 3426 serae
742 3384 948 3427 mansuescere
970 3365 1066 3426 iussae

330 3607 359 3660 91
395 3591 571 3657 postremoP:
588 3560 740 3656 rigidioueu
851 3604 882 3656 93
915 3589 1057 3641 habendum
1066 3601 1119 3658 pu:
1138 3585 1280 3639 habendam

283 3674 397 3724 PBttch.
516 3687 548 3739 94
581 3671 684 3723 Oceano
693 3673 733 3722 P:
751 3671 846 3723 Oceani
854 3679 892 3738 pu
