2992 4134
501 369 613 418 LIBER
638 367 704 417 1111.
728 366 871 417 SATVRA
895 366 942 414 XI.

220 517 337 596 imperii
357 520 428 591 sato,
450 517 585 594 geminos
606 517 663 575 sub
683 532 757 591 rupe
778 513 928 590 Quirinos,

220 637 257 677 ac
277 617 389 676 nudam
411 615 537 693 effigiem
558 613 657 690 clipeo
678 610 824 673 venientis
845 621 875 672 et
896 613 981 671 hasta

193 756 197 762 -
220 713 442 792 pendentisque
463 711 512 773 dei
533 710 663 788 perituro
684 711 856 770 ostenderet
877 709 964 769 hosti.

220 813 377 890 ponebant
397 809 484 888 igitur
505 813 606 870 Tusco
627 811 733 870 farrata
754 807 873 869 catino:

220 908 334 986 argenti
355 909 438 984 quod
459 916 529 978 erat,
552 905 622 966 solis
643 907 774 982 fulgebat
795 908 826 965 in
848 905 943 966 armis.

221 1005 324 1065 omnia
345 1017 424 1077 tunc,
447 1003 556 1081 quibus
577 1002 710 1063 invideas
732 1003 756 1062 si
777 1002 917 1063 lividulus
939 1002 985 1061 sis.

221 1104 401 1179 templorum
422 1121 543 1178 quoque
564 1100 703 1161 maiestas
723 1100 916 1178 praesentior,
938 1111 969 1160 et
989 1119 1047 1159 vox

222 1212 312 1261 nocte
332 1203 392 1261 fere
413 1199 512 1260 media
532 1197 723 1276 mediamque
744 1199 846 1258 audita
867 1218 920 1275 per
940 1199 1043 1258 urbem

222 1298 307 1358 litore
327 1298 366 1357 ab
387 1297 501 1358 Oceani
522 1297 616 1357 Gallis
637 1295 824 1356 venientibus
845 1307 876 1356 et
896 1295 942 1355 dis

223 1396 353 1455 officium
374 1395 449 1455 vatis
470 1394 686 1473 peragentibus.
730 1393 776 1453 his
797 1395 914 1453 monuit
934 1413 998 1466 nos,

222 1496 301 1553 hauc
321 1494 408 1555 rebus
430 1493 522 1553 Latiis
544 1511 644 1552 curam
666 1503 815 1571 praestare
836 1491 952 1551 solebat

223 1590 321 1649 fictilis
341 1604 371 1650 et
392 1592 474 1650 nullo
493 1589 621 1649 violatus
644 1589 778 1668 Iuppiter
798 1607 878 1648 auro.

222 1689 273 1748 illa
294 1687 375 1748 domi
395 1700 481 1747 natas
502 1698 663 1764 nostraque
683 1705 719 1747 ex
741 1687 846 1746 arbore
866 1704 984 1744 mensas

223 1797 358 1862 tempora
378 1784 534 1858 viderunt3
563 1786 618 1844 hos
638 1783 751 1861 lignum
773 1785 869 1845 stabat
891 1783 930 1843 ad
951 1801 1029 1855 usus,

223 1899 368 1941 annosam
389 1879 415 1940 si
434 1882 509 1941 forte
530 1899 638 1940 nucem
660 1881 808 1941 deiecerat
830 1899 923 1941 eurus.

223 1991 254 2037 at
275 1997 354 2037 nunc
375 1977 516 2037 divitibus
537 1976 665 2037 cenandi
685 1979 767 2038 nulla
787 1980 931 2056 voluptas,

224 2077 266 2137 nil
287 2078 438 2151 rhombuS,
459 2077 501 2135 nil
522 2075 643 2136 damma
663 2075 750 2153 sapit,
773 2087 878 2152 putere
898 2074 1036 2136 videntur

224 2187 376 2253 unguenta
395 2185 488 2251 atque
507 2191 600 2247 rosae,
623 2174 699 2233 latos
720 2174 778 2233 nisi
799 2173 923 2234 sustinet
945 2175 1031 2234 orbes

223 2274 335 2350 grande
355 2274 429 2332 ebur
449 2281 480 2331 et
500 2291 611 2348 magno
632 2271 765 2330 sublimis
786 2272 896 2349 pardus
917 2271 999 2330 hiatu

224 2367 363 2429 dentibus
384 2366 498 2428 exiliis
519 2385 594 2443 quos
616 2366 705 2426 mittit
725 2379 812 2444 porta
832 2369 944 2444 Syenes

224 2477 255 2526 et
277 2466 375 2525 Mauri
396 2467 507 2526 celeres
529 2477 558 2524 et
581 2467 688 2524 Mauro
710 2465 864 2525 obscurior
886 2466 988 2536 Indus,

225 2577 254 2625 et
275 2584 350 2641 quos
371 2562 509 2642 deposuit
531 2564 688 2622 Nabataeo
708 2564 797 2623 belua
819 2564 892 2622 saltu

224 2661 283 2721 iarn
304 2661 412 2721 nimios
433 2659 584 2738 capitique
604 2679 714 2737 graves.
757 2659 828 2718 hinc
849 2659 939 2736 surgit
960 2659 1064 2735 orexis‚

224 2758 294 2818 hinc
315 2759 472 2819 stomacho
492 2756 568 2816 vires
578 2778 587 2830 ;
614 2775 683 2816 nam
705 2774 759 2832 pes
780 2767 936 2833 argenteus
957 2757 1021 2830 illis,

225 2859 329 2917 anulus
350 2856 380 2915 in
402 2855 495 2934 digito
517 2855 600 2932 quod
619 2857 736 2916 ferreus.
781 2874 850 2931 ergo
872 2856 1032 2933 superbum

225 2954 381 3012 convivam
402 2972 503 3024 caveo,
525 2951 578 3029 qui
599 2971 647 3011 me
668 2950 724 3011 sibi
744 2963 898 3027 comparat
919 2962 948 3012 et
968 2971 1014 3012 res

226 3049 353 3128 despicit
374 3049 501 3128 exiguas.
543 3051 621 3109 adeo
642 3050 723 3108 nulla
743 3049 832 3108 uncia
852 3049 939 3108 nobis

226 3158 270 3208 est
291 3147 396 3219 eboris,
420 3167 476 3207 nec
497 3147 633 3208 tessellae
653 3166 710 3206 nec
731 3148 861 3206 calculus
883 3165 920 3206 cx
940 3148 997 3206 hac

225 3244 356 3317 materia,
378 3244 451 3320 quin
472 3245 536 3323 ipsa
556 3244 711 3304 manubria
732 3245 917 3305 cultellorum

226 3361 318 3402 ossea
362 3361 423 3401 non
444 3353 546 3401 tamen
566 3339 613 3400 his
633 3341 693 3398 ulla
714 3357 858 3415 umquam
879 3340 1004 3401 obsonia
1025 3343 1099 3402 fiunt

225 3440 378 3500 rancidula
398 3449 449 3500 aut
470 3439 540 3499 ideo
560 3437 644 3516 peior
663 3437 773 3515 gallina
794 3449 918 3498 secatur.
1181 3460 1224 3511 135

284 3641 329 3694 106
363 3642 535 3692 venientist
552 3640 668 3706 fulgentis
674 3650 714 3706 pu
816 3645 861 3693 118
893 3643 941 3693 hos
952 3656 989 3692 ω’,
1002 3642 1057 3692 boc
1071 3644 1091 3691 P
1104 3643 1189 3690 Ritdt.

472 3834 510 3861 A
590 3830 622 3862 Κ
