2992 4134
505 357 614 407 LIBER
638 359 704 407 1111.
728 359 873 408 SATVRA
896 359 944 409 XI.

223 522 286 561 non
306 502 485 580 praematuri
504 503 619 566 cineres
639 525 696 567 nec
717 508 806 566 funus
826 509 967 568 acerbum

223 600 363 674 luxuriae,
385 603 438 662 sed
459 615 554 665 morte
576 604 669 683 magis
690 606 853 666 metuenda
873 616 1018 666 senectus.

222 698 255 757 hi
275 699 449 776 plerumque
469 701 595 777 gradus:
623 701 774 762 conducta
795 699 923 777 pecunia
945 704 1062 762 Romae

223 808 254 856 et
274 816 374 856 coram
395 797 525 858 dominis
545 799 744 876 consumitur;
772 799 843 859 inde
863 798 915 860 ubi
936 801 1059 876 paulum

223 894 326 954 nescio
348 895 420 972 quid
441 908 575 974 superest
596 909 626 958 et
647 898 739 975 pallet
760 897 887 958 faenoris
910 907 1021 969 auctor,

224 993 276 1070 qui
297 1004 409 1054 vertere
430 995 535 1066 solum,
559 993 646 1054 Baias
666 1005 697 1054 et
717 995 756 1054 ad
777 1006 875 1055 ostrea
894 1004 1023 1054 currunt.

224 1092 331 1151 cedere
351 1110 480 1167 namque
500 1092 565 1153 soro
585 1090 645 1151 iam
666 1111 729 1151 non
751 1103 796 1152 est
817 1091 948 1152 deterius
969 1111 1060 1168 quam
1097 1122 1100 1128 ·

226 1187 374 1264 Esquilias
394 1208 412 1249 a
433 1188 557 1250 ferventi
578 1172 703 1267 migrare
723 1191 845 1251 Subura.

227 1285 277 1346 ille
298 1286 383 1346 dolor
404 1288 484 1348 solus
505 1286 630 1365 patriam
651 1287 841 1367 fugientibus,
864 1287 914 1348 illa

225 1384 373 1445 maestitia
393 1397 447 1460 est,
468 1386 596 1447 caruisse
617 1406 697 1448 anno
718 1385 900 1447 circensibus
921 1406 991 1448 uno.

226 1484 378 1562 sanguinis
398 1484 430 1544 in
451 1484 525 1546 facie
547 1506 608 1548 non
629 1488 729 1546 haeret
749 1495 841 1563 gutta,
864 1497 1017 1546 morantur

225 1580 314 1658 pauci
334 1580 490 1641 ridiculum
512 1593 542 1642 et
562 1581 724 1657 fugientem
745 1601 782 1642 ex
803 1582 876 1640 urbe
896 1582 1050 1659 pudorem.

267 1679 416 1755 experiere
437 1679 527 1740 hodie
549 1680 697 1755 numquid
716 1679 916 1758 pulcherrima
937 1679 1029 1751 dictu,

211 1776 353 1850 Persice,
375 1796 435 1836 non
456 1789 604 1853 praestem
625 1778 702 1838 vitae
724 1777 778 1838 tibi
800 1777 931 1838 moribus
953 1789 983 1838 et
1003 1797 1043 1850 re,

226 1874 250 1934 si
270 1875 390 1935 laudern
411 1874 532 1951 siliquas
553 1877 687 1936 occultus
708 1894 814 1953 ganeo,
836 1876 934 1952 pultes

226 1993 326 2033 coram
347 1971 411 2032 aliis
433 1972 543 2033 dictem
564 1993 658 2051 puero
679 1975 732 2034 sed
754 1973 785 2033 in
806 1993 876 2032 aure
896 1975 1057 2051 placentas.

227 2090 296 2131 nam
318 2089 385 2130 cum
407 2069 446 2130 sis
467 2069 594 2130 conviva
613 2070 686 2130 mihi
707 2069 878 2148 promissus,
902 2070 1027 2131 habebis

227 2169 409 2240 Euandrum,
432 2168 533 2228 venies
554 2169 728 2247 Tirynthius
748 2179 801 2228 aut
821 2165 919 2227 minor
939 2168 991 2229 illo

227 2268 346 2342 hospes,
369 2277 398 2326 et
419 2264 484 2341 ipse
505 2276 606 2325 tamen
627 2264 805 2342 contingens
830 2264 974 2342 sanguine
995 2268 1121 2338 caelum,

226 2363 300 2422 alter
320 2361 411 2439 aquis,
433 2363 507 2422 alter
527 2361 654 2421 flammis
675 2363 714 2421 ad
735 2360 833 2421 sidera
854 2360 969 2422 missus.

227 2461 337 2519 fercula
357 2479 438 2518 nunc
458 2457 531 2519 audi
551 2458 639 2518 nullis
660 2469 765 2519 ornata
785 2458 926 2518 macellis.

227 2558 267 2616 de
287 2555 445 2617 Tiburtino
465 2555 566 2617 veniet
585 2555 797 2633 pinguissimus
818 2576 889 2634 agro
1195 2569 1226 2632 65

227 2655 373 2713 haedulus
393 2665 423 2714 et
443 2662 509 2713 toto
529 2673 617 2731 grege
639 2653 764 2725 mollior,
788 2653 899 2714 inscius
920 2654 1030 2714 herbae

227 2752 354 2811 necdum
377 2770 466 2810 ausus
486 2749 581 2827 virgas
602 2750 722 2811 humilis
744 2752 881 2812 mordere
902 2751 1006 2822 salicti,

228 2848 280 2926 qui
299 2851 366 2927 plus
386 2847 470 2908 lactis
490 2849 583 2909 habet
603 2868 694 2930 quarn
717 2849 876 2926 sanguinis,
902 2860 932 2909 et
953 2848 1088 2909 montani

227 2944 369 3021 asparagi,
391 2946 491 3020 posito
512 2965 588 3022 quos
609 2945 681 3021 legit
701 2944 789 3004 vilica
810 2947 886 3004 fuso.

227 3043 349 3120 grandia
368 3053 521 3119 praeterea
542 3052 681 3118 tortoque
702 3041 829 3101 calentia
851 3043 940 3102 faeno

229 3161 285 3201 ova
305 3141 413 3200 adsunt
434 3138 506 3217 ipsis
527 3158 596 3200 cum
619 3138 772 3212 matribus,
795 3151 825 3199 et
847 3151 979 3200 servatae

228 3250 310 3314 parte
331 3239 400 3297 anni
422 3238 525 3314 quales
547 3239 662 3297 fuerant
682 3236 713 3295 in
734 3237 843 3297 vitibus
864 3256 948 3311 uvae,

229 3334 383 3413 Signinum
404 3335 580 3412 Syriumque
600 3333 707 3413 pirum,
731 3335 769 3395 de
791 3333 931 3393 corbibus
953 3335 1048 3395 isdem

228 3434 345 3491 aemula
367 3432 486 3493 Picenis
507 3445 537 3494 et
558 3433 658 3494 odoris
680 3434 758 3493 mala
778 3432 919 3493 recentis-

400 3639 433 3700 57
468 3641 536 3691 vitae
549 3645 595 3694 tibi
608 3647 715 3700 Bada:
732 3649 874 3703 vitaem
888 3650 928 3700 P:
945 3645 1062 3699 vtrnsel
1072 3660 1096 3692 ω
