2992 4134
274 344 317 405 70
531 336 533 339 ·
675 342 874 392 rvvauanrs

275 489 416 547 barbarus
436 487 543 546 Aeolio
564 507 729 565 numquam
752 490 810 550 hoc
831 487 861 548 in
882 509 998 550 carcere
1019 510 1131 568 passos,

273 583 370 660 ipsum
393 582 581 660 conpedibus
602 584 652 669 qui
675 583 806 646 vinxerat
829 586 1092 663 Ennosigaeum-

274 680 373 741 mitius
394 680 426 742 id
447 670 526 754 iane,
549 682 632 758 quod
653 702 714 743 non
735 695 766 744 et
787 683 923 762 stigmate
944 685 1066 763 dignum

264 779 417 851 ,credidit3
445 778 513 838 huic
534 779 691 856 quisquam
713 781 802 840 vellet
824 781 931 842 servire
952 783 1100 844 deorum?

274 880 326 938 sed
349 877 444 956 qualis
464 878 572 939 rediit?
600 898 710 955 nempe
731 898 791 939 una
813 898 897 951 nave,
919 881 1048 941 cruentis
1229 893 1273 958 185

274 977 412 1038 fluctibus
433 998 469 1037 ac
490 980 574 1039 tarda
595 998 648 1055 per
668 970 763 1038 densa
784 979 928 1038 cadavera
948 998 1040 1055 prora.

275 1076 328 1134 bas
349 1067 457 1134 totiens
479 1085 583 1150 optata
604 1075 700 1152 exegit
720 1073 814 1150 gloria
835 1092 973 1150 poenas„

316 1173 371 1232 eda
392 1172 520 1249 spatium
540 1172 627 1245 vitae,
649 1173 759 1237 multos
781 1173 829 1245 da,
853 1172 994 1249 Iuppiter,
1017 1173 1129 1234 annos’

246 1327 252 1338 ,
274 1271 332 1328 ho'c
352 1281 433 1330 recto
453 1272 545 1341 vultu,
568 1271 664 1329 solum
684 1269 743 1330 hoc
765 1280 795 1330 et
816 1270 943 1347 pallidus
965 1283 1060 1348 optas.

274 1368 328 1427 sed
348 1387 439 1443 quam
459 1360 608 1433 coutinuis
630 1379 659 1428 et
681 1368 798 1444 quantis
819 1370 908 1447 longa
927 1382 1064 1430 senectus
1228 1394 1281 1442 190.

218 1493 221 1499 ·
274 1468 364 1543 plena
385 1466 478 1526 malis.
521 1458 685 1536 deformem
707 1477 737 1528 et
758 1478 885 1527 taetrum
907 1478 976 1527 ante
997 1467 1098 1528 omnia
1118 1460 1232 1528 vultum

271 1549 507 1639 dissimilemque
527 1563 582 1635 sui,
604 1565 769 1623 deformem
790 1582 844 1640 pro
866 1573 934 1623 cute
955 1565 1063 1640 pellem

273 1659 492 1743 pendentisque
512 1680 603 1738 genas
625 1672 654 1721 et
677 1660 741 1721 talis
762 1661 862 1737 aspice
883 1681 969 1740 rugas

274 1758 385 1832 quales,
406 1758 580 1818 umbriferos
601 1757 653 1818 ubi
673 1758 778 1836 pandit
799 1757 956 1820 Thabraca
977 1762 1077 1833 saltus,

274 1852 303 1911 in
325 1854 423 1914 vetula
444 1855 550 1933 scalpit
570 1855 628 1914 iam
651 1856 745 1914 mater
765 1854 851 1914 simia
870 1857 972 1917 bucca
1228 1866 1289 1933 195'

273 1951 399 2029 plurima
419 1964 488 2013 suut
510 1955 648 2013 iuvenum
671 1952 850 2025 discrimina,
872 1954 1022 2029 pulchrior
1043 1956 1091 2016 ille

274 2049 332 2109 hoc
352 2049 512 2126 atque-ille
533 2049 600 2121 alio,
623 2052 747 2109 multum
770 2051 819 2108 hic
839 2050 988 2110 robustior
1009 2050 1077 2111 illo:

273 2166 334 2206 una
354 2167 458 2207 senum
479 2146 579 2207 facies.
621 2166 689 2206 cum
711 2166 785 2207 voce
807 2147 964 2206 trementia
984 2152 1117 2208 membra

274 2256 303 2304 et
324 2243 382 2303 iam
404 2246 468 2320 leve
489 2254 579 2320 caput
601 2242 774 2320 madidique
795 2242 918 2311 infantia
939 2244 1020 2320 nasi3

273 2343 451 2420 frangendus
472 2342 580 2417 misero
601 2340 718 2420 gingiva
738 2340 823 2418 panis
844 2341 949 2401 inermi
959 2360 988 2416 3·

258 2458 368 2515 -usque
381 2440 465 2499 ,adeo
485 2437 579 2522 gravis
602 2438 683 2498 uxo'ri
705 2438 840 2515 natisque
861 2438 984 2516 sibique,

274 2547 306 2622 ut
327 2534 470 2612 captatori
491 2545 608 2611 moreat
628 2529 745 2595 fastidia
767 2531 870 2598 Cosso.

274 2651 335 2691 non
352 2633 463 2717 eadem
485 2632 545 2709 vipi
567 2644 661 2709 atque¹
678 2631 736 2714 cibi
759 2643 895 2709 torpente
916 2635 1017 2709 palato

258 2728 388 2812 gaudia
943 2731 1041 2809 aspice
1062 2732 1151 2808 partis

273 2846 354 2897 nunc
375 2829 518 2887 damnum
539 2826 664 2887 alterius
709 2846 779 2886 nam
800 2846 876 2903 quae
897 2839 1037 2888 cantante
1058 2832 1202 2908 voluptas,
1225 2857 1273 2893 210

273 2925 310 2985 sit
330 2925 400 2986 licet
420 2923 554 2996 eximius,
577 2923 794 3013 citharoedo
772 2944 834 2984 srve
855 2925 980 2986 Seleuco
1063 2925 1065 2929 ’

273 3036 303 3084 et
323 3023 432 3101 quibus
452 3010 555 3084 aurata
575 3042 641 3083 mos
664 3034 708 3083 est
730 3024 860 3102 fulgere
862 3024 1002 3083 lacerna?

273 3121 345 3200 quid
365 3124 460 3196 refert,
484 3122 581 3199 magni
602 3122 705 3181 sedeat
725 3139 786 3197 qua
806 3131 890 3196 parte
911 3119 1018 3181 theatri

272 3220 325 3297 qui
344 3219 394 3279 vix
414 3219 580 3281 cornicines
603 3217 741 3281 exaudiet
762 3230 852 3294 atque
873 3219 1010 3278 tubarum
1294 3288 1296 3292 y

271 3308 459 3379 concentus?
484 3321 615 3430 clqmore
635 3338 713 3396 opus
733 3328 787 3390 est,
810 3326 842 3376 ut
863 3318 971 3377 sentiat
992 3319 1069 3380 auris
1225 3347 1271 3398 215

272 3436 362 3494 quem
385 3416 464 3477 dicat
485 3387 602 3522 venisse
623 3435 705 3493 puer,
728 3424 803 3492 quot
824 3413 939 3474 nuntiet
961 3414 1055 3478 horas.

577 3627 621 3688 184
655 3623 759 3674 credidit
771 3625 810 3673 P:
827 3622 967 3672 crederetur
1015 3611 1016 3614 “
