2992 4134
321 456 329 487 χ
532 394 641 442 bruun
664 393 731 444 ιιιι
756 395 899 444 snrvrm
925 397 957 444 Χ.
1204 385 1246 462 67

246 537 300 597 sed
321 536 440 598 videant
456 540 545 623 servi,
566 542 606 600 n'e
626 541 692 617 quis
715 549 803 619 neget
825 551 855 600 et
876 538 1049 616 pavidum
1040 560 1071 611 in
1093 538 1137 600 ius

245 635 359 697 cervice
380 636 520 697 obstn'cta
540 637 698 697 dominum
721 639 834 699 trahat!
876 638 907 697 hi
928 658 1080 699 sermones

246 745 318 794 tunc
339 736 378 796 de
398 734 517 807 Seiano,
539 747 653 796 secreta
673 736 747 796 haec
770 755 921 795 murmura
941 735 1028 815 vulgi.

244 831 328 893 visne
349 831 469 892 salutari
489 831 565 892 sicut
586 832 718 903 Seianus,
741 833 851 893 habere

184 939 186 942 ’
246 931 423 991 tantundem
443 941 533 1006 atque
548 929 601 1000 1111
618 949 748 991 summas
770 931 883 989 donare
904 931 1028 1002 curules,

245 1027 328 1108 illum
350 1027 534 1089 exercitibus
546 1046 739 1107 praeponere,
762 1038 842 1088 tutor
862 1012 965 1089 haberi

245 1145 397 1233 pnncrprsj
406 1137 531 1204 angusta
552 1125 763 1202 Caprearum
756 1144 787 1183 m
807 1122 880 1211 rupe
900 1125 1032 1186 sedentis

246 1241 315 1281 cum
335 1241 423 1302 grege
444 1223 621 1284 Chaldaeo?
648 1219 691 1280 vis
713 1232 804 1310 certe,
814 1221 875 1315 pila
874 1266 888 1303 ,
896 1224 1034 1284 cohortes

246 1321 379 1396 egregios
399 1319 513 1396 equites
534 1329 681 1380 etoastra
701 1318 875 1379 domestica.
918 1319 1024 1397 quidni
1214 1343 1245 1395 95

246 1418 321 1477 haee
341 1415 465 1494 cupias?
491 1415 593 1501 etqui
614 1418 720 1478 nolunt
741 1416 878 1477 occidere
899 1438 1089 1496 quemquam,

247 1525 334 1591 posse
354 1515 464 1574 volunt
509 1515 563 1574 sed
584 1533 661 1590 quae
682 1514 834 1590 praeclara
854 1524 883 1574 et
905 1532 1046 1592 prospera
1067 1515 1151 1589 tanti,

246 1622 280 1671 ut
300 1613 388 1693 rebus
408 1611 493 1672 laetis
514 1630 569 1688 par
589 1611 626 1670 sit
646 1630 785 1671 mensura
806 1613 975 1671 malorum?

247 1698 332 1773 huius
354 1705 548 1786 qui'trahitur
567 1719 747 1789 praetextam
770 1728 886 1769 sumere
908 1710 1009 1783 mavis,

246 1825 285 1865 an
307 1806 484 1866 Fidenarum
505 1796 729 1883 Gabiorumque
751 1825 816 1867 esse
837 1817 969 1884 potestas

247 1915 277 1964 et
298 1904 336 1964 de
357 1887 494 1965 mensuri
516 1906 560 1965 ius
582 1904 688 1976 dicere,
710 1924 781 1964 vasa
801 1904 917 1966 minora

247 2001 379 2080 frangere
399 2020 552 2080 pannosus
572 2001 673 2061 vacuis
693 2002 797 2062 aedilis
819 2001 965 2065 Ulubris?

247 2115 318 2173 ergo
339 2098 411 2173 quid
433 2096 599 2174 optandum
620 2099 705 2172 soret,
726 2090 878 2177 ignorasse
898 2099 996 2160 fateris
1022 2146 1026 2151 .

248 2192 386 2273 Seianum
396 2216 405 2268 3
431 2193 575 2272 namqui
596 2194 704 2284 nimios
725 2198 847 2273 optabat
867 2197 996 2258 honores

248 2301 278 2350 et
297 2284 404 2351 nimias
424 2293 569 2369 poscebat
590 2311 672 2370 opes,
693 2312 852 2354 numerosa
873 2296 996 2372 parabat

248 2390 382 2449 excelsae
402 2386 487 2448 turris
508 2390 649 2462 tabulata,
671 2393 752 2452 unde
773 2391 859 2451 altior
879 2403 957 2469 esset

234 2505 333 2571 ‘casus
354 2497 385 2547 et
405 2478 539 2565 inpulsae
559 2506 702 2566 praeceps
723 2487 844 2549 inmane
865 2487 976 2556 ruinae.

249 2582 321 2661 quid
342 2585 474 2659 Crassos,
497 2583 570 2662 quid
592 2587 751 2663 Pompeios
773 2586 876 2647 evertit
898 2598 927 2647 et
948 2588 1039 2660 illum,

248 2684 288 2742 ad
304 2702 361 2742 sua
382 2681 447 2762 qui
455 2681 585 2760 domitos
606 2683 729 2745 deduxit
750 2685 839 2762 flagra
860 2683 1011 2760 Quirites?
1101 2680 1105 2687 ’

243 2766 380 2867 ¹summus
401 2797 510 2856 nempe
529 2780 613 2840 locus
633 2772 715 2841 nulla
736 2801 796 2841 non
819 2793 880 2843 arte
901 2782 1010 2860 petitus
1202 2777 1248 2842 no

242 2868 416 2975 magnaque
437 2858 609 2938 numinibus
629 2892 699 2938 vota
719 2879 858 2940 exaudita
880 2879 1023 2957 malignis

249 2968 303 3033 ad
307 2991 449 3050 generum
470 2972 670 3035 cerenssine
690 2977 787 3132 caen
804 2995 839 3035 ac
860 2977 980 3036 vulnere
1000 2975 1087 3052 pauci
1137 2994 1140 3000 ·
1247 3006 1251 3018 ·

225 3044 436 3132 'descendunt
456 3090 540 3149 reges
559 3083 590 3133 et
610 3073 690 3132 sicca
710 3091 739 3130 m
788 3091 805 3132 e
826 3072 951 3149 tyranni.

233 3209 237 3216 -
263 3164 441 3246 eloquium
461 3183 503 3229 ac
517 3169 628 3228 samam
650 3170 863 3230 Demosthenis
884 3180 936 3230 aut
957 3170 1111 3230 Ciceronis

248 3266 352 3344 incipit
374 3277 476 3353 optare
497 3276 527 3328 et
548 3265 618 3327 totis
639 3267 866 3357 quinquatribus
888 3278 971 3346 optat

248 3362 380 3470 quisquis
401 3364 500 3471 adhuc
520 3381 582 3423 uno
603 3378 724 3440 parcam
746 3363 818 3460 colit
838 3384 904 3426 asse
926 3358 1108 3438 Minervam,

297 3597 329 3647 93
361 3588 467 3648 8118118ῐό
475 3590 509 3647 p:
527 3590 630 3648 augusta
642 3585 756 3652 purch,
890 3590 948 3647 ιι4“
968 3603 997 3636 ac
1005 3595 1058 3651 po:
1077 3595 1120 3636 aut
1134 3589 1156 3636 Ρ
1169 3590 1253 3636 Boea.

554 3665 599 3715 116
631 3681 733 3732 parcam
746 3667 784 3718 P:
797 3675 905 3736 ‘partam
913 3679 960 3738 pn·

1132 3786 1229 3845 ,A

506 3824 620 3866 ..J-
