2992 4134
275 372 333 418 102
670 365 872 415 lVVENALlS

271 536 339 576 cum
360 517 441 577 lituis
461 518 573 590 audita,
595 536 681 594 pares
702 517 786 594 quod
807 515 937 575 vendere
957 511 1054 590 possis

272 613 363 691 pluris
384 613 517 688 dimidio,
540 634 597 674 nec
618 626 647 674 te
668 613 788 674 fastidia
808 611 914 673 mercis

272 710 359 772 ullius
380 715 506 772 subeant
527 711 711 788 ablegandae
732 709 866 770 Tiberim
888 710 973 782 ultra,

272 829 332 871 neu
354 811 457 870 credas
479 811 654 885 ponendum
676 808 791 885 aliquid
812 806 990 868 discriminis
1012 805 1088 866 inter

275 921 426 985 unguenta
446 919 476 968 et
496 906 628 979 corium;
656 906 730 965 lucri
752 909 848 966 bonus
870 917 915 964 est
937 906 1012 964 odor
1031 924 1069 963 ex
1089 922 1120 962 re

275 1007 414 1085 qualibet
459 1006 509 1065 illa
529 1017 581 1065 tuo
602 1004 751 1064 sententia
771 1023 890 1080 semper
910 1003 941 1061 in
963 1022 1014 1063 ore

275 1119 407 1166 versetur
427 1106 472 1165 dis
493 1113 582 1179 atque
604 1102 671 1179 ipso
694 1105 767 1162 Iove
789 1102 879 1179 digna
900 1114 1008 1179 poeta:

278 1206 384 1263 “unde
406 1204 516 1262 habeas
537 1200 652 1277 quaerit
673 1220 772 1272 nem0‚
795 1202 849 1261 sed
871 1212 988 1278 oportet
1008 1197 1143 1258 habere.''

276 1301 335 1360 hoc
355 1311 522 1360 monstrant
541 1300 659 1358 vetulae
679 1299 777 1377 pueris
799 1299 970 1376 repentibus
990 1317 1083 1370 assae,

276 1399 336 1456 hoc
357 1397 475 1456 discunt
497 1414 602 1456 omnes
623 1408 692 1456 ante
712 1397 803 1472 alpha
824 1406 853 1455 et
875 1397 944 1454 beta
965 1394 1099 1471 puellae?

278 1495 386 1555 talibus
407 1494 566 1553 instantem
588 1492 709 1552 monitis
729 1512 950 1570 quemcumque
971 1501 1125 1568 parentem

278 1593 321 1653 sic
342 1612 459 1670 possem
482 1592 593 1652 adfari:
623 1592 697 1664 ‘dic,
720 1611 738 1651 o
760 1590 926 1665 vanissime,
949 1591 1015 1668 quis
1035 1601 1065 1649 te

278 1692 416 1751 festinare
437 1690 541 1750 iubet?
568 1689 720 1749 meliorem
741 1701 861 1768 praesto
882 1689 1021 1766 magistro

279 1790 467 1865 discipulum.
510 1806 630 1846 securus
650 1788 717 1846 abi:
745 1786 870 1846 vinceris
893 1797 925 1845 ut
946 1784 1021 1844 Aiax

279 1885 428 1963 praeteriit
448 1886 656 1956 Telamonem,
677 1895 710 1942 ut
732 1886 822 1943 Pelea
842 1883 912 1943 vicit
933 1883 1072 1943 Achilles.

280 1985 462 2062 parcendum
485 1993 529 2041 est
551 1981 667 2052 teneris,
690 1982 825 2040 nondum
847 1983 1006 2059 implevere
1027 1981 1173 2040 medullas

281 2091 413 2141 maturae
433 2082 512 2139 mala
532 2078 693 2154 nequitiae.
735 2099 803 2138 cum
825 2092 942 2156 pectere
964 2081 1086 2139 barbam

282 2177 413 2254 coeperit
434 2189 464 2237 et
485 2177 566 2253 longi
588 2195 763 2236 mucronem
784 2177 940 2237 admittere
959 2175 1053 2249 cultri,

282 2276 371 2334 falsus
393 2275 447 2334 erit
469 2274 558 2344 testis,
581 2275 690 2334 vendet
711 2273 839 2350 periuria
860 2293 975 2334 summa
1016 2280 1017 2283 ’

284 2375 388 2451 exigua
409 2385 438 2434 et
459 2374 575 2436 Cereris
597 2384 721 2452 tangens
742 2394 881 2450 aramque
904 2376 1079 2449 pedemque.

284 2477 391 2535 elatam
413 2471 472 2530 iam
494 2473 584 2532 crede
606 2492 720 2546 nurum,
744 2474 767 2531 si
789 2471 891 2530 limina
912 2482 1009 2531 vestra

284 2572 435 2632 mortifera
455 2590 525 2630 cum
546 2572 618 2631 dote
639 2571 725 2631 subit.
770 2571 878 2647 quibus
900 2572 949 2629 illa
970 2580 1117 2646 premetur

285 2689 335 2748 per
357 2687 495 2728 somnum
517 2666 624 2744 digitis.
666 2687 736 2725 nam
759 2686 836 2742 quae
857 2679 993 2742 terraque
1014 2667 1147 2744 marique

285 2766 470 2845 adquirenda
490 2777 585 2843 putas,
608 2765 726 2825 brevior
745 2765 794 2823 via
814 2767 946 2826 conferet
967 2765 1009 2825 illi
1019 2790 1026 2839 3

286 2868 384 2926 nullus
407 2864 486 2924 enim
507 2864 606 2940 magni
627 2863 744 2923 sceleris
765 2864 856 2921 labor.
902 2864 1003 2922 “haec
1025 2882 1080 2938 ego
1102 2881 1267 2940 numquam

286 2963 426 3023 mandavi
435 2961 451 2988 ''
472 2960 554 3021 dices
575 2960 646 3020 olim
670 2965 755 3019 “nec
775 2960 846 3018 talia
866 2961 971 3020 suasi,''
1240 2981 1288 3034 225

287 3059 397 3121 mentis
419 3078 509 3120 causa
529 3059 625 3118 malae
645 3068 748 3117 tamen
771 3068 816 3116 est
837 3068 867 3117 et
888 3058 970 3134 origo
992 3078 1086 3134 penes
1107 3070 1145 3117 te.

289 3177 356 3216 nam
378 3155 513 3233 quisquis
533 3153 634 3232 magni
654 3173 762 3214 census
784 3154 935 3230 praecepit
956 3173 1096 3225 amorem,

289 3265 318 3314 et
338 3256 423 3312 laevo
444 3250 558 3312 monitu
579 3270 688 3327 pueros
708 3248 848 3328 producit
869 3269 983 3324 avaros,

338 3482 385 3532 208
418 3478 563 3544 repentibus
575 3479 656 3540 assae]
666 3479 828 3544 reppentibus
839 3493 909 3528 assae
921 3479 985 3528 PT:
1003 3477 1162 3544 poscentibus
1177 3492 1255 3528 assem
1273 3502 1291 3532 ω

291 3575 338 3626 215
370 3560 500 3611 medullas.
512 3559 594 3608 Brich.
792 3559 840 3609 216
872 3568 983 3609 maturae
993 3577 1056 3610 sonte
1067 3569 1139 3609 mse:
1156 3564 1294 3610 naturaeP

290 3642 415 3708 nequitiae
421 3649 477 3707 pu:
494 3641 605 3706 nequitia
615 3646 653 3691 est
662 3641 689 3689 P
696 3641 775 3691 Brtch.
