<?xml version="1.0" encoding="UTF-8"?>
<!DOCTYPE html PUBLIC "-//W3C//DTD XHTML 1.0 Transitional//EN"
    "http://www.w3.org/TR/xhtml1/DTD/xhtml1-transitional.dtd">
<html xmlns="http://www.w3.org/1999/xhtml" xml:lang="en" lang="en">
 <head>
  <title>
</title>
<meta http-equiv="Content-Type" content="text/html;charset=utf-8" />
  <meta name='ocr-system' content='tesseract 3.04.00' />
  <meta name='ocr-capabilities' content='ocr_page ocr_carea ocr_par ocr_line ocrx_word'/>
</head>
<body>
  <div class='ocr_page' id='page_1' title='image "./satvraexivfourt00duffgoog_0108.png"; bbox 0 0 2992 4134; ppageno 0'>
   <div class='ocr_carea' id='block_1_1' title="bbox 281 372 880 439">
    <p class='ocr_par' dir='ltr' id='par_1_1' title="bbox 281 372 880 439">
     <span class='ocr_line' id='line_1_1' title="bbox 281 372 880 439; baseline -0.005 -14"><span class='ocrx_word' id='word_1_1' title='bbox 281 379 325 439; x_wconf 78' lang='lat'>44</span> <span class='ocrx_word' id='word_1_2' title='bbox 679 372 880 422; x_wconf 76' lang='lat' dir='ltr'>1vvurmn1s</span> 
     </span>
    </p>
   </div>
   <div class='ocr_carea' id='block_1_2' title="bbox 277 521 1281 3622">
    <p class='ocr_par' dir='ltr' id='par_1_2' title="bbox 282 521 1146 1476">
     <span class='ocr_line' id='line_1_2' title="bbox 282 521 997 598; baseline 0 -17"><span class='ocrx_word' id='word_1_3' title='bbox 282 521 404 582; x_wconf 89' lang='lat' dir='ltr'>nutricis</span> <span class='ocrx_word' id='word_1_4' title='bbox 424 523 551 582; x_wconf 89' lang='lat' dir='ltr'>tolerant</span> <span class='ocrx_word' id='word_1_5' title='bbox 571 524 689 582; x_wconf 81' lang='lat' dir='ltr'>fortuna</span> <span class='ocrx_word' id='word_1_6' title='bbox 708 532 852 598; x_wconf 88' lang='lat' dir='ltr'>urguente</span> <span class='ocrx_word' id='word_1_7' title='bbox 872 523 997 594; x_wconf 89' lang='lat' dir='ltr'>labores,</span> 
     </span>
     <span class='ocr_line' id='line_1_3' title="bbox 283 618 976 696; baseline 0.003 -18"><span class='ocrx_word' id='word_1_8' title='bbox 283 619 335 678; x_wconf 92' lang='lat' dir='ltr'>sed</span> <span class='ocrx_word' id='word_1_9' title='bbox 356 620 432 678; x_wconf 89' lang='lat' dir='ltr'>iacet</span> <span class='ocrx_word' id='word_1_10' title='bbox 453 630 556 678; x_wconf 90' lang='lat' dir='ltr'>aurato</span> <span class='ocrx_word' id='word_1_11' title='bbox 577 618 626 676; x_wconf 90' lang='lat' dir='ltr'>vix</span> <span class='ocrx_word' id='word_1_12' title='bbox 646 620 706 677; x_wconf 88' lang='lat' dir='ltr'>ulla</span> <span class='ocrx_word' id='word_1_13' title='bbox 726 637 871 696; x_wconf 83' lang='lat' dir='ltr'>puerpera</span> <span class='ocrx_word' id='word_1_14' title='bbox 890 620 976 680; x_wconf 89' lang='lat' dir='ltr'>lecto.</span> 
     </span>
     <span class='ocr_line' id='line_1_4' title="bbox 283 715 1031 794; baseline 0.004 -20"><span class='ocrx_word' id='word_1_15' title='bbox 283 726 401 776; x_wconf 90' lang='lat' dir='ltr'><strong>transeo</strong></span> <span class='ocrx_word' id='word_1_16' title='bbox 422 716 591 793; x_wconf 87' lang='lat' dir='ltr'>suppositos</span> <span class='ocrx_word' id='word_1_17' title='bbox 613 727 643 776; x_wconf 90' lang='lat' dir='ltr'>et</span> <span class='ocrx_word' id='word_1_18' title='bbox 662 715 771 793; x_wconf 88' lang='lat' dir='ltr'>gaudia</span> <span class='ocrx_word' id='word_1_19' title='bbox 791 729 920 792; x_wconf 88' lang='lat' dir='ltr'>votaque</span> <span class='ocrx_word' id='word_1_20' title='bbox 942 736 1031 794; x_wconf 89' lang='lat' dir='ltr'>saepe</span> 
     </span>
     <span class='ocr_line' id='line_1_5' title="bbox 283 814 1046 892; baseline 0.003 -21"><span class='ocrx_word' id='word_1_21' title='bbox 283 814 322 872; x_wconf 90' lang='lat' dir='ltr'>ad</span> <span class='ocrx_word' id='word_1_22' title='bbox 343 833 465 890; x_wconf 88' lang='lat' dir='ltr'>spurcos</span> <span class='ocrx_word' id='word_1_23' title='bbox 485 815 611 892; x_wconf 91' lang='lat' dir='ltr'>decepta</span> <span class='ocrx_word' id='word_1_24' title='bbox 631 815 713 874; x_wconf 90' lang='lat' dir='ltr'>lacus</span> <span class='ocrx_word' id='word_1_25' title='bbox 733 825 824 890; x_wconf 89' lang='lat' dir='ltr'>atque</span> <span class='ocrx_word' id='word_1_26' title='bbox 844 814 915 874; x_wconf 91' lang='lat' dir='ltr'>inde</span> <span class='ocrx_word' id='word_1_27' title='bbox 935 814 1046 890; x_wconf 91' lang='lat' dir='ltr'>petitos</span> 
     </span>
     <span class='ocr_line' id='line_1_6' title="bbox 283 910 995 985; baseline 0 -16"><span class='ocrx_word' id='word_1_28' title='bbox 283 910 448 985; x_wconf 87' lang='lat' dir='ltr'>pontifices,</span> <span class='ocrx_word' id='word_1_29' title='bbox 470 912 558 971; x_wconf 91' lang='lat' dir='ltr'>salios</span> <span class='ocrx_word' id='word_1_30' title='bbox 579 913 756 970; x_wconf 88' lang='lat' dir='ltr'>Scaurorum</span> <span class='ocrx_word' id='word_1_31' title='bbox 778 910 900 971; x_wconf 91' lang='lat' dir='ltr'>nomina</span> <span class='ocrx_word' id='word_1_32' title='bbox 920 912 995 969; x_wconf 83' lang='lat' dir='ltr'>falso</span> 
     </span>
     <span class='ocr_line' id='line_1_7' title="bbox 283 1009 1058 1087; baseline -0.001 -19"><span class='ocrx_word' id='word_1_33' title='bbox 283 1028 406 1087; x_wconf 92' lang='lat' dir='ltr'>corpore</span> <span class='ocrx_word' id='word_1_34' title='bbox 426 1011 544 1067; x_wconf 86' lang='lat' dir='ltr'>laturos.</span> <span class='ocrx_word' id='word_1_35' title='bbox 587 1019 645 1067; x_wconf 87' lang='lat' dir='ltr'>stat</span> <span class='ocrx_word' id='word_1_36' title='bbox 667 1011 800 1068; x_wconf 88' lang='lat' dir='ltr'>Fortuna</span> <span class='ocrx_word' id='word_1_37' title='bbox 820 1009 946 1087; x_wconf 90' lang='lat' dir='ltr'>inproba</span> <span class='ocrx_word' id='word_1_38' title='bbox 967 1019 1058 1067; x_wconf 92' lang='lat' dir='ltr'>noctu</span> 
     </span>
     <span class='ocr_line' id='line_1_8' title="bbox 283 1103 1003 1178; baseline -0.004 -13"><span class='ocrx_word' id='word_1_39' title='bbox 283 1105 421 1165; x_wconf 88' lang='lat' dir='ltr'>adridens</span> <span class='ocrx_word' id='word_1_40' title='bbox 442 1103 530 1164; x_wconf 91' lang='lat' dir='ltr'>nudis</span> <span class='ocrx_word' id='word_1_41' title='bbox 551 1104 720 1178; x_wconf 84' lang='lat' dir='ltr'>infantibus,</span> <span class='ocrx_word' id='word_1_42' title='bbox 743 1107 799 1166; x_wconf 90' lang='lat' dir='ltr'>hos</span> <span class='ocrx_word' id='word_1_43' title='bbox 819 1107 900 1166; x_wconf 82' lang='lat' dir='ltr'>fovet</span> <span class='ocrx_word' id='word_1_44' title='bbox 920 1104 1003 1165; x_wconf 94' lang='lat' dir='ltr'>omni</span> 
     </span>
     <span class='ocr_line' id='line_1_9' title="bbox 283 1201 1045 1280; baseline 0 -19"><span class='ocrx_word' id='word_1_45' title='bbox 283 1201 465 1278; x_wconf 90' lang='lat' dir='ltr'>involvitque</span> <span class='ocrx_word' id='word_1_46' title='bbox 487 1203 562 1275; x_wconf 92' lang='lat' dir='ltr'>sinu,</span> <span class='ocrx_word' id='word_1_47' title='bbox 584 1202 723 1263; x_wconf 91' lang='lat' dir='ltr'>domibus</span> <span class='ocrx_word' id='word_1_48' title='bbox 745 1215 818 1263; x_wconf 92' lang='lat' dir='ltr'>tunc</span> <span class='ocrx_word' id='word_1_49' title='bbox 838 1202 959 1280; x_wconf 90' lang='lat' dir='ltr'>porrigit</span> <span class='ocrx_word' id='word_1_50' title='bbox 979 1201 1045 1263; x_wconf 88' lang='lat' dir='ltr'>altis</span> 
     </span>
     <span class='ocr_line' id='line_1_10' title="bbox 283 1298 1146 1378; baseline 0.003 -19"><span class='ocrx_word' id='word_1_51' title='bbox 283 1308 488 1374; x_wconf 91' lang='lat' dir='ltr'>secretumque</span> <span class='ocrx_word' id='word_1_52' title='bbox 509 1298 566 1358; x_wconf 91' lang='lat' dir='ltr'>sibi</span> <span class='ocrx_word' id='word_1_53' title='bbox 586 1298 709 1358; x_wconf 91' lang='lat' dir='ltr'>mimum</span> <span class='ocrx_word' id='word_1_54' title='bbox 730 1312 833 1378; x_wconf 89' lang='lat' dir='ltr'>parat;</span> <span class='ocrx_word' id='word_1_55' title='bbox 861 1302 917 1361; x_wconf 92' lang='lat' dir='ltr'>hos</span> <span class='ocrx_word' id='word_1_56' title='bbox 938 1311 1025 1373; x_wconf 86' lang='lat' dir='ltr'>amat,</span> <span class='ocrx_word' id='word_1_57' title='bbox 1047 1300 1093 1362; x_wconf 93' lang='lat' dir='ltr'>his</span> <span class='ocrx_word' id='word_1_58' title='bbox 1113 1322 1146 1362; x_wconf 93' lang='lat' dir='ltr'>se</span> 
     </span>
     <span class='ocr_line' id='line_1_11' title="bbox 284 1396 1053 1476; baseline 0.005 -21"><span class='ocrx_word' id='word_1_59' title='bbox 284 1396 389 1474; x_wconf 86' lang='lat' dir='ltr'>ingerit</span> <span class='ocrx_word' id='word_1_60' title='bbox 410 1409 503 1473; x_wconf 91' lang='lat' dir='ltr'>utque</span> <span class='ocrx_word' id='word_1_61' title='bbox 523 1416 593 1456; x_wconf 90' lang='lat' dir='ltr'>suos</span> <span class='ocrx_word' id='word_1_62' title='bbox 614 1416 732 1474; x_wconf 90' lang='lat' dir='ltr'>semper</span> <span class='ocrx_word' id='word_1_63' title='bbox 752 1397 889 1476; x_wconf 89' lang='lat' dir='ltr'>producit</span> <span class='ocrx_word' id='word_1_64' title='bbox 910 1400 1053 1458; x_wconf 89' lang='lat' dir='ltr'>alumnos.</span> 
     </span>
    </p>

    <p class='ocr_par' dir='ltr' id='par_1_3' title="bbox 279 1494 1281 3133">
     <span class='ocr_line' id='line_1_12' title="bbox 323 1494 1281 1572; baseline 0.002 -20"><span class='ocrx_word' id='word_1_65' title='bbox 323 1494 372 1555; x_wconf 88' lang='lat' dir='ltr'>hic</span> <span class='ocrx_word' id='word_1_66' title='bbox 393 1495 524 1572; x_wconf 90' lang='lat' dir='ltr'>magicos</span> <span class='ocrx_word' id='word_1_67' title='bbox 544 1496 638 1554; x_wconf 85' lang='lat' dir='ltr'>adfert</span> <span class='ocrx_word' id='word_1_68' title='bbox 659 1506 773 1567; x_wconf 88' lang='lat' dir='ltr'>cantus,</span> <span class='ocrx_word' id='word_1_69' title='bbox 796 1495 845 1554; x_wconf 91' lang='lat' dir='ltr'>hic</span> <span class='ocrx_word' id='word_1_70' title='bbox 865 1496 1008 1556; x_wconf 88' lang='lat' dir='ltr'>Thessala</span> <span class='ocrx_word' id='word_1_71' title='bbox 1028 1495 1132 1556; x_wconf 89' lang='lat' dir='ltr'>vendit</span> <span class='ocrx_word' id='word_1_72' title='bbox 1232 1507 1281 1555; x_wconf 88' lang='lat'>610</span> 
     </span>
     <span class='ocr_line' id='line_1_13' title="bbox 283 1591 1039 1669; baseline 0.003 -19"><span class='ocrx_word' id='word_1_73' title='bbox 283 1591 398 1669; x_wconf 86' lang='lat' dir='ltr'>philtra,</span> <span class='ocrx_word' id='word_1_74' title='bbox 421 1592 527 1669; x_wconf 92' lang='lat' dir='ltr'>quibus</span> <span class='ocrx_word' id='word_1_75' title='bbox 547 1595 643 1652; x_wconf 90' lang='lat' dir='ltr'>valeat</span> <span class='ocrx_word' id='word_1_76' title='bbox 664 1605 795 1653; x_wconf 88' lang='lat' dir='ltr'>mentem</span> <span class='ocrx_word' id='word_1_77' title='bbox 817 1613 922 1653; x_wconf 89' lang='lat' dir='ltr'>vexare</span> <span class='ocrx_word' id='word_1_78' title='bbox 943 1592 1039 1652; x_wconf 87' lang='lat' dir='ltr'>mariti</span> 
     </span>
     <span class='ocr_line' id='line_1_14' title="bbox 283 1690 1091 1769; baseline 0.001 -21"><span class='ocrx_word' id='word_1_79' title='bbox 283 1702 313 1749; x_wconf 91' lang='lat' dir='ltr'>et</span> <span class='ocrx_word' id='word_1_80' title='bbox 333 1693 416 1750; x_wconf 86' lang='lat' dir='ltr'>solea</span> <span class='ocrx_word' id='word_1_81' title='bbox 435 1692 552 1768; x_wconf 90' lang='lat' dir='ltr'>pulsare</span> <span class='ocrx_word' id='word_1_82' title='bbox 573 1690 658 1751; x_wconf 90' lang='lat' dir='ltr'>natis.</span> <span class='ocrx_word' id='word_1_83' title='bbox 702 1692 784 1767; x_wconf 92' lang='lat' dir='ltr'>quod</span> <span class='ocrx_word' id='word_1_84' title='bbox 805 1690 924 1769; x_wconf 89' lang='lat' dir='ltr'>desipis,</span> <span class='ocrx_word' id='word_1_85' title='bbox 946 1692 1016 1750; x_wconf 94' lang='lat' dir='ltr'>inde</span> <span class='ocrx_word' id='word_1_86' title='bbox 1039 1701 1091 1763; x_wconf 87' lang='lat' dir='ltr'>est,</span> 
     </span>
     <span class='ocr_line' id='line_1_15' title="bbox 283 1785 1008 1864; baseline 0.004 -20"><span class='ocrx_word' id='word_1_87' title='bbox 283 1786 353 1846; x_wconf 88' lang='lat' dir='ltr'>inde</span> <span class='ocrx_word' id='word_1_88' title='bbox 374 1785 464 1845; x_wconf 89' lang='lat' dir='ltr'>animi</span> <span class='ocrx_word' id='word_1_89' title='bbox 484 1787 579 1863; x_wconf 91' lang='lat' dir='ltr'>caligo</span> <span class='ocrx_word' id='word_1_90' title='bbox 600 1800 630 1848; x_wconf 92' lang='lat' dir='ltr'>et</span> <span class='ocrx_word' id='word_1_91' title='bbox 651 1806 761 1864; x_wconf 93' lang='lat' dir='ltr'>magna</span> <span class='ocrx_word' id='word_1_92' title='bbox 780 1787 891 1847; x_wconf 91' lang='lat' dir='ltr'>oblivio</span> <span class='ocrx_word' id='word_1_93' title='bbox 912 1806 1008 1847; x_wconf 90' lang='lat' dir='ltr'>rerum</span> 
     </span>
     <span class='ocr_line' id='line_1_16' title="bbox 283 1883 1150 1961; baseline 0.003 -19"><span class='ocrx_word' id='word_1_94' title='bbox 283 1903 357 1959; x_wconf 89' lang='lat' dir='ltr'>quas</span> <span class='ocrx_word' id='word_1_95' title='bbox 379 1885 471 1944; x_wconf 94' lang='lat' dir='ltr'>modo</span> <span class='ocrx_word' id='word_1_96' title='bbox 490 1883 614 1961; x_wconf 85' lang='lat' dir='ltr'>gessisti.</span> <span class='ocrx_word' id='word_1_97' title='bbox 657 1896 758 1944; x_wconf 86' lang='lat' dir='ltr'>tamen</span> <span class='ocrx_word' id='word_1_98' title='bbox 780 1886 839 1944; x_wconf 90' lang='lat' dir='ltr'>hoc</span> <span class='ocrx_word' id='word_1_99' title='bbox 860 1885 1022 1958; x_wconf 90' lang='lat' dir='ltr'>tolerabile,</span> <span class='ocrx_word' id='word_1_100' title='bbox 1044 1885 1150 1946; x_wconf 90' lang='lat' dir='ltr'>sinon</span> 
     </span>
     <span class='ocr_line' id='line_1_17' title="bbox 282 1981 1036 2059; baseline 0.003 -18"><span class='ocrx_word' id='word_1_101' title='bbox 282 1993 312 2041; x_wconf 92' lang='lat' dir='ltr'>et</span> <span class='ocrx_word' id='word_1_102' title='bbox 332 1984 428 2043; x_wconf 82' lang='lat' dir='ltr'>furere</span> <span class='ocrx_word' id='word_1_103' title='bbox 448 1982 572 2059; x_wconf 88' lang='lat' dir='ltr'>incipias</span> <span class='ocrx_word' id='word_1_104' title='bbox 592 1994 625 2042; x_wconf 93' lang='lat' dir='ltr'>ut</span> <span class='ocrx_word' id='word_1_105' title='bbox 645 1985 809 2042; x_wconf 90' lang='lat' dir='ltr'>avunculus</span> <span class='ocrx_word' id='word_1_106' title='bbox 829 1981 879 2043; x_wconf 93' lang='lat' dir='ltr'>ille</span> <span class='ocrx_word' id='word_1_107' title='bbox 900 1983 1036 2055; x_wconf 92' lang='lat' dir='ltr'>Neronis,</span> 
     </span>
     <span class='ocr_line' id='line_1_18' title="bbox 281 2079 995 2156; baseline 0.001 -17"><span class='ocrx_word' id='word_1_108' title='bbox 281 2080 331 2139; x_wconf 89' lang='lat' dir='ltr'>cui</span> <span class='ocrx_word' id='word_1_109' title='bbox 351 2091 444 2139; x_wconf 89' lang='lat' dir='ltr'>totam</span> <span class='ocrx_word' id='word_1_110' title='bbox 467 2079 584 2139; x_wconf 88' lang='lat' dir='ltr'>tremuli</span> <span class='ocrx_word' id='word_1_111' title='bbox 604 2082 730 2140; x_wconf 85' lang='lat' dir='ltr'>frontem</span> <span class='ocrx_word' id='word_1_112' title='bbox 754 2080 903 2149; x_wconf 85' lang='lat' dir='ltr'>Caesonia</span> <span class='ocrx_word' id='word_1_113' title='bbox 923 2080 995 2156; x_wconf 92' lang='lat' dir='ltr'>pulli</span> 
     </span>
     <span class='ocr_line' id='line_1_19' title="bbox 282 2176 1085 2254; baseline 0.005 -19"><span class='ocrx_word' id='word_1_114' title='bbox 282 2178 407 2251; x_wconf 84' lang='lat' dir='ltr'>infudit3</span> <span class='ocrx_word' id='word_1_115' title='bbox 435 2197 512 2253; x_wconf 87' lang='lat' dir='ltr'>quae</span> <span class='ocrx_word' id='word_1_116' title='bbox 533 2196 595 2237; x_wconf 92' lang='lat' dir='ltr'>non</span> <span class='ocrx_word' id='word_1_117' title='bbox 616 2176 704 2237; x_wconf 87' lang='lat' dir='ltr'>faciet</span> <span class='ocrx_word' id='word_1_118' title='bbox 726 2180 808 2253; x_wconf 91' lang='lat' dir='ltr'>quod</span> <span class='ocrx_word' id='word_1_119' title='bbox 829 2177 970 2254; x_wconf 91' lang='lat' dir='ltr'>principis</span> <span class='ocrx_word' id='word_1_120' title='bbox 991 2183 1085 2239; x_wconf 82' lang='lat' dir='ltr'>uxor?</span> 
     </span>
     <span class='ocr_line' id='line_1_20' title="bbox 282 2276 1026 2352; baseline 0 -18"><span class='ocrx_word' id='word_1_121' title='bbox 282 2277 425 2334; x_wconf 89' lang='lat' dir='ltr'>ardebant</span> <span class='ocrx_word' id='word_1_122' title='bbox 446 2285 554 2335; x_wconf 90' lang='lat' dir='ltr'>cuncta</span> <span class='ocrx_word' id='word_1_123' title='bbox 575 2287 604 2335; x_wconf 92' lang='lat' dir='ltr'>et</span> <span class='ocrx_word' id='word_1_124' title='bbox 626 2276 718 2334; x_wconf 85' lang='lat' dir='ltr'>fracta</span> <span class='ocrx_word' id='word_1_125' title='bbox 738 2295 872 2352; x_wconf 85' lang='lat' dir='ltr'>conpage</span> <span class='ocrx_word' id='word_1_126' title='bbox 893 2277 1026 2348; x_wconf 87' lang='lat' dir='ltr'>ruebant,</span> 
     </span>
     <span class='ocr_line' id='line_1_21' title="bbox 282 2371 1001 2446; baseline 0 -16"><span class='ocrx_word' id='word_1_127' title='bbox 282 2391 344 2431; x_wconf 92' lang='lat' dir='ltr'>non</span> <span class='ocrx_word' id='word_1_128' title='bbox 364 2371 448 2431; x_wconf 88' lang='lat' dir='ltr'>aliter</span> <span class='ocrx_word' id='word_1_129' title='bbox 469 2390 558 2446; x_wconf 92' lang='lat' dir='ltr'>qnam</span> <span class='ocrx_word' id='word_1_130' title='bbox 580 2371 605 2430; x_wconf 93' lang='lat' dir='ltr'>si</span> <span class='ocrx_word' id='word_1_131' title='bbox 626 2372 744 2431; x_wconf 86' lang='lat' dir='ltr'>fecisset</span> <span class='ocrx_word' id='word_1_132' title='bbox 766 2374 843 2432; x_wconf 92' lang='lat' dir='ltr'>Iuno</span> <span class='ocrx_word' id='word_1_133' title='bbox 863 2373 1001 2431; x_wconf 85' lang='lat' dir='ltr'>maritum</span> 
     </span>
     <span class='ocr_line' id='line_1_22' title="bbox 282 2469 1070 2548; baseline 0.005 -20"><span class='ocrx_word' id='word_1_134' title='bbox 282 2469 426 2529; x_wconf 90' lang='lat' dir='ltr'>insanum.</span> <span class='ocrx_word' id='word_1_135' title='bbox 470 2469 567 2528; x_wconf 92' lang='lat' dir='ltr'>minus</span> <span class='ocrx_word' id='word_1_136' title='bbox 589 2489 659 2546; x_wconf 90' lang='lat' dir='ltr'>ergo</span> <span class='ocrx_word' id='word_1_137' title='bbox 679 2490 792 2530; x_wconf 90' lang='lat' dir='ltr'>nocens</span> <span class='ocrx_word' id='word_1_138' title='bbox 813 2471 868 2531; x_wconf 92' lang='lat' dir='ltr'>erit</span> <span class='ocrx_word' id='word_1_139' title='bbox 889 2470 1070 2548; x_wconf 86' lang='lat' dir='ltr'>Agrippinae</span> 
     </span>
     <span class='ocr_line' id='line_1_23' title="bbox 282 2564 1005 2644; baseline 0.003 -18"><span class='ocrx_word' id='word_1_140' title='bbox 282 2569 405 2638; x_wconf 88' lang='lat' dir='ltr'>boletus,</span> <span class='ocrx_word' id='word_1_141' title='bbox 429 2564 575 2643; x_wconf 90' lang='lat' dir='ltr'>siquidem</span> <span class='ocrx_word' id='word_1_142' title='bbox 597 2566 685 2625; x_wconf 89' lang='lat' dir='ltr'>unius</span> <span class='ocrx_word' id='word_1_143' title='bbox 706 2567 879 2643; x_wconf 89' lang='lat' dir='ltr'>praecordia</span> <span class='ocrx_word' id='word_1_144' title='bbox 900 2568 1005 2644; x_wconf 88' lang='lat' dir='ltr'>pressit</span> 
     </span>
     <span class='ocr_line' id='line_1_24' title="bbox 281 2664 1088 2742; baseline 0.004 -18"><span class='ocrx_word' id='word_1_145' title='bbox 281 2665 329 2725; x_wconf 92' lang='lat' dir='ltr'>ille</span> <span class='ocrx_word' id='word_1_146' title='bbox 351 2664 430 2724; x_wconf 91' lang='lat' dir='ltr'>senis</span> <span class='ocrx_word' id='word_1_147' title='bbox 451 2666 670 2741; x_wconf 91' lang='lat' dir='ltr'>tremulumque</span> <span class='ocrx_word' id='word_1_148' title='bbox 691 2677 781 2742; x_wconf 91' lang='lat' dir='ltr'>caput</span> <span class='ocrx_word' id='word_1_149' title='bbox 803 2667 984 2727; x_wconf 89' lang='lat' dir='ltr'>descendere</span> <span class='ocrx_word' id='word_1_150' title='bbox 1005 2666 1088 2727; x_wconf 92' lang='lat' dir='ltr'>iussit</span> 
     </span>
     <span class='ocr_line' id='line_1_25' title="bbox 280 2762 1003 2840; baseline 0 -16"><span class='ocrx_word' id='word_1_151' title='bbox 280 2765 310 2825; x_wconf 92' lang='lat' dir='ltr'>in</span> <span class='ocrx_word' id='word_1_152' title='bbox 331 2765 446 2824; x_wconf 90' lang='lat' dir='ltr'>caelum</span> <span class='ocrx_word' id='word_1_153' title='bbox 467 2773 498 2822; x_wconf 91' lang='lat' dir='ltr'>et</span> <span class='ocrx_word' id='word_1_154' title='bbox 519 2764 608 2840; x_wconf 89' lang='lat' dir='ltr'>longa</span> <span class='ocrx_word' id='word_1_155' title='bbox 630 2762 780 2823; x_wconf 90' lang='lat' dir='ltr'>manantia</span> <span class='ocrx_word' id='word_1_156' title='bbox 800 2764 882 2823; x_wconf 87' lang='lat' dir='ltr'>labra</span> <span class='ocrx_word' id='word_1_157' title='bbox 903 2765 1003 2834; x_wconf 88' lang='lat' dir='ltr'>saliva,</span> 
     </span>
     <span class='ocr_line' id='line_1_26' title="bbox 280 2860 1170 2939; baseline 0.002 -19"><span class='ocrx_word' id='word_1_158' title='bbox 280 2865 353 2922; x_wconf 84' lang='lat' dir='ltr'>haec</span> <span class='ocrx_word' id='word_1_159' title='bbox 374 2860 470 2938; x_wconf 91' lang='lat' dir='ltr'>poscit</span> <span class='ocrx_word' id='word_1_160' title='bbox 491 2861 597 2918; x_wconf 86' lang='lat' dir='ltr'>serrum</span> <span class='ocrx_word' id='word_1_161' title='bbox 619 2872 709 2936; x_wconf 90' lang='lat' dir='ltr'>atque</span> <span class='ocrx_word' id='word_1_162' title='bbox 730 2860 821 2937; x_wconf 90' lang='lat' dir='ltr'>ignes,</span> <span class='ocrx_word' id='word_1_163' title='bbox 844 2862 919 2920; x_wconf 89' lang='lat' dir='ltr'>haec</span> <span class='ocrx_word' id='word_1_164' title='bbox 940 2862 1024 2938; x_wconf 90' lang='lat' dir='ltr'>potio</span> <span class='ocrx_word' id='word_1_165' title='bbox 1045 2873 1170 2939; x_wconf 92' lang='lat' dir='ltr'>torquet,</span> 
     </span>
     <span class='ocr_line' id='line_1_27' title="bbox 279 2956 1148 3036; baseline -0.002 -17"><span class='ocrx_word' id='word_1_166' title='bbox 279 2962 355 3020; x_wconf 87' lang='lat' dir='ltr'>haec</span> <span class='ocrx_word' id='word_1_167' title='bbox 375 2962 484 3018; x_wconf 90' lang='lat' dir='ltr'>lacerat</span> <span class='ocrx_word' id='word_1_168' title='bbox 505 2956 612 3016; x_wconf 88' lang='lat' dir='ltr'>mixtos</span> <span class='ocrx_word' id='word_1_169' title='bbox 633 2957 766 3033; x_wconf 91' lang='lat' dir='ltr'>equitum</span> <span class='ocrx_word' id='word_1_170' title='bbox 789 2977 857 3017; x_wconf 92' lang='lat' dir='ltr'>cum</span> <span class='ocrx_word' id='word_1_171' title='bbox 879 2958 1021 3036; x_wconf 89' lang='lat' dir='ltr'>sanguine</span> <span class='ocrx_word' id='word_1_172' title='bbox 1041 2972 1148 3036; x_wconf 89' lang='lat' dir='ltr'>patres.</span> 
     </span>
     <span class='ocr_line' id='line_1_28' title="bbox 279 3054 1075 3133; baseline 0 -18"><span class='ocrx_word' id='word_1_173' title='bbox 279 3057 352 3116; x_wconf 89' lang='lat' dir='ltr'>tanti</span> <span class='ocrx_word' id='word_1_174' title='bbox 373 3068 473 3133; x_wconf 88' lang='lat' dir='ltr'>partus</span> <span class='ocrx_word' id='word_1_175' title='bbox 495 3074 599 3131; x_wconf 89' lang='lat' dir='ltr'>equae,</span> <span class='ocrx_word' id='word_1_176' title='bbox 622 3054 694 3114; x_wconf 90' lang='lat' dir='ltr'>tanti</span> <span class='ocrx_word' id='word_1_177' title='bbox 716 3075 776 3116; x_wconf 88' lang='lat' dir='ltr'>una</span> <span class='ocrx_word' id='word_1_178' title='bbox 796 3060 929 3117; x_wconf 89' lang='lat' dir='ltr'>venefica</span> <span class='ocrx_word' id='word_1_179' title='bbox 950 3068 1075 3117; x_wconf 90' lang='lat' dir='ltr'>constat.</span> 
     </span>
    </p>

    <p class='ocr_par' dir='ltr' id='par_1_4' title="bbox 277 3153 1124 3622">
     <span class='ocr_line' id='line_1_29' title="bbox 320 3153 1055 3232; baseline 0.004 -19"><span class='ocrx_word' id='word_1_180' title='bbox 320 3157 444 3214; x_wconf 90' lang='lat' dir='ltr'>oderunt</span> <span class='ocrx_word' id='word_1_181' title='bbox 466 3165 551 3213; x_wconf 89' lang='lat' dir='ltr'>natos</span> <span class='ocrx_word' id='word_1_182' title='bbox 573 3155 611 3214; x_wconf 90' lang='lat' dir='ltr'>de</span> <span class='ocrx_word' id='word_1_183' title='bbox 632 3153 745 3230; x_wconf 89' lang='lat' dir='ltr'>paelice</span> <span class='ocrx_word' id='word_1_184' title='bbox 756 3178 764 3230; x_wconf 89' lang='lat'>;</span> <span class='ocrx_word' id='word_1_185' title='bbox 792 3174 882 3214; x_wconf 90' lang='lat' dir='ltr'>nemo</span> <span class='ocrx_word' id='word_1_186' title='bbox 904 3166 1055 3232; x_wconf 80' lang='lat' dir='ltr'>repugnet,</span> 
     </span>
     <span class='ocr_line' id='line_1_30' title="bbox 278 3252 1124 3330; baseline 0 -20"><span class='ocrx_word' id='word_1_187' title='bbox 278 3272 368 3313; x_wconf 92' lang='lat' dir='ltr'>nemo</span> <span class='ocrx_word' id='word_1_188' title='bbox 389 3263 476 3325; x_wconf 88' lang='lat' dir='ltr'>vetet,</span> <span class='ocrx_word' id='word_1_189' title='bbox 497 3252 556 3311; x_wconf 90' lang='lat' dir='ltr'>iam</span> <span class='ocrx_word' id='word_1_190' title='bbox 577 3252 637 3311; x_wconf 89' lang='lat' dir='ltr'>iam</span> <span class='ocrx_word' id='word_1_191' title='bbox 658 3253 825 3330; x_wconf 90' lang='lat' dir='ltr'>privignum</span> <span class='ocrx_word' id='word_1_192' title='bbox 848 3253 986 3313; x_wconf 90' lang='lat' dir='ltr'>occidere</span> <span class='ocrx_word' id='word_1_193' title='bbox 1006 3255 1050 3312; x_wconf 84' lang='lat' dir='ltr'>fas</span> <span class='ocrx_word' id='word_1_194' title='bbox 1071 3264 1124 3312; x_wconf 87' lang='lat' dir='ltr'>cst.</span> 
     </span>
     <span class='ocr_line' id='line_1_31' title="bbox 278 3348 1112 3426; baseline 0.001 -18"><span class='ocrx_word' id='word_1_195' title='bbox 278 3370 331 3410; x_wconf 93' lang='lat' dir='ltr'>vos</span> <span class='ocrx_word' id='word_1_196' title='bbox 352 3368 416 3425; x_wconf 90' lang='lat' dir='ltr'>ego,</span> <span class='ocrx_word' id='word_1_197' title='bbox 439 3348 551 3425; x_wconf 88' lang='lat' dir='ltr'>pupilli,</span> <span class='ocrx_word' id='word_1_198' title='bbox 574 3369 693 3422; x_wconf 86' lang='lat' dir='ltr'>moneo,</span> <span class='ocrx_word' id='word_1_199' title='bbox 716 3350 824 3426; x_wconf 92' lang='lat' dir='ltr'>quibus</span> <span class='ocrx_word' id='word_1_200' title='bbox 846 3349 973 3426; x_wconf 89' lang='lat' dir='ltr'>amplior</span> <span class='ocrx_word' id='word_1_201' title='bbox 994 3363 1037 3410; x_wconf 94' lang='lat' dir='ltr'>est</span> <span class='ocrx_word' id='word_1_202' title='bbox 1057 3371 1112 3421; x_wconf 89' lang='lat' dir='ltr'>res,</span> 
     </span>
     <span class='ocr_line' id='line_1_32' title="bbox 278 3445 997 3522; baseline 0.006 -18"><span class='ocrx_word' id='word_1_203' title='bbox 278 3445 425 3505; x_wconf 87' lang='lat' dir='ltr'>custodite</span> <span class='ocrx_word' id='word_1_204' title='bbox 444 3445 558 3505; x_wconf 87' lang='lat' dir='ltr'>animas</span> <span class='ocrx_word' id='word_1_205' title='bbox 580 3458 610 3505; x_wconf 92' lang='lat' dir='ltr'>et</span> <span class='ocrx_word' id='word_1_206' title='bbox 631 3447 703 3507; x_wconf 92' lang='lat' dir='ltr'>nulli</span> <span class='ocrx_word' id='word_1_207' title='bbox 724 3447 836 3508; x_wconf 86' lang='lat' dir='ltr'>credite</span> <span class='ocrx_word' id='word_1_208' title='bbox 858 3468 997 3522; x_wconf 89' lang='lat' dir='ltr'>mensae;</span> 
     </span>
     <span class='ocr_line' id='line_1_33' title="bbox 277 3542 960 3622; baseline 0.004 -21"><span class='ocrx_word' id='word_1_209' title='bbox 277 3542 368 3602; x_wconf 89' lang='lat' dir='ltr'>livida</span> <span class='ocrx_word' id='word_1_210' title='bbox 389 3554 523 3601; x_wconf 87' lang='lat' dir='ltr'>materno</span> <span class='ocrx_word' id='word_1_211' title='bbox 544 3545 657 3603; x_wconf 85' lang='lat' dir='ltr'>servent</span> <span class='ocrx_word' id='word_1_212' title='bbox 677 3545 797 3622; x_wconf 86' lang='lat' dir='ltr'>adipata</span> <span class='ocrx_word' id='word_1_213' title='bbox 818 3564 960 3621; x_wconf 20' lang='lat' dir='ltr'>veneno.-</span> 
     </span>
    </p>
   </div>
   <div class='ocr_carea' id='block_1_3' title="bbox 412 3657 1144 3726">
    <p class='ocr_par' dir='ltr' id='par_1_5' title="bbox 412 3657 1144 3726">
     <span class='ocr_line' id='line_1_34' title="bbox 412 3657 1144 3726; baseline 0.005 -18"><span class='ocrx_word' id='word_1_214' title='bbox 412 3659 460 3724; x_wconf 78' lang='lat'>629</span> <span class='ocrx_word' id='word_1_215' title='bbox 493 3674 540 3721; x_wconf 82' lang='lat' dir='ltr'>ego</span> <span class='ocrx_word' id='word_1_216' title='bbox 546 3667 601 3721; x_wconf 74' lang='lat' dir='ltr'>pos</span> <span class='ocrx_word' id='word_1_217' title='bbox 620 3674 685 3722; x_wconf 89' lang='lat' dir='ltr'>equo</span> <span class='ocrx_word' id='word_1_218' title='bbox 698 3657 861 3726; x_wconf 80' lang='lat' dir='ltr'>(apparently)</span> <span class='ocrx_word' id='word_1_219' title='bbox 876 3662 912 3712; x_wconf 86' lang='lat' dir='ltr'>P:</span> <span class='ocrx_word' id='word_1_220' title='bbox 925 3661 1033 3726; x_wconf 72' lang='lat' dir='ltr'>perhaps</span> <span class='ocrx_word' id='word_1_221' title='bbox 1044 3677 1144 3726; x_wconf 87' lang='lat' dir='ltr'>quoque</span> 
     </span>
    </p>
   </div>
   <div class='ocr_carea' id='block_1_4' title="bbox 0 0 1500 4134">
    <p class='ocr_par' dir='ltr' id='par_1_6' title="bbox 0 0 1500 4134">
     <span class='ocr_line' id='line_1_35' title="bbox 0 0 1500 4134; baseline 0 1"><span class='ocrx_word' id='word_1_222' title='bbox 0 0 1500 4134; x_wconf 95' lang='lat' dir='ltr'> </span> 
     </span>
    </p>
   </div>
  </div>
 </body>
</html>
