2992 4134
272 341 314 417 84
673 350 872 400 1vvrrrrnu1s

271 506 411 572 quattuor
431 505 482 554 aut
503 505 627 572 septem,
650 495 674 553 si
695 495 733 554 sit
754 493 905 569 latissima,
928 495 1052 566 taedae3

272 613 343 653 mox
362 612 432 652 cum
452 591 582 652 reticulis
602 604 633 652 et
652 612 732 669 pane
753 604 783 653 et
803 604 906 653 ventre
926 595 1052 669 lagonae
1242 602 1276 651 60

272 688 371 766 aspice
392 690 553 749 sumendas
574 688 605 748 in
627 700 805 766 tempestate
826 708 952 749 secures.

273 789 327 848 sed
347 797 507 865 postquam
529 786 619 847 iacuit
638 788 763 864 planum
784 807 873 860 mare,
897 800 1032 864 tempora
1052 795 1213 863 postquam

273 905 413 963 prospera
433 885 559 946 vectoris
579 887 733 962 fatumque
754 884 900 946 valentius
920 904 993 945 euro

274 996 304 1044 et
323 987 437 1063 pelago,
460 995 620 1060 postquam
642 985 752 1043 Parcae
774 981 896 1043 meliora
916 981 1046 1059 benigna

274 1101 367 1158 pensa
388 1101 477 1140 manu
498 1082 612 1140 ducunt
633 1079 738 1139 hilares
761 1091 790 1139 et
811 1078 946 1138 staminis
966 1078 1026 1139 albi
1128 1146 1131 1150 ¹

275 1178 419 1250 lanificae,
441 1178 561 1238 modica
581 1198 637 1239 nec
658 1180 785 1238 multum
807 1176 910 1238 tortior
929 1197 1001 1237 aura

275 1287 381 1338 ventus
400 1277 494 1351 adest,
515 1275 601 1353 inopi
622 1274 796 1336 miserabilis
816 1286 879 1335 arte
900 1274 1026 1334 cucurrit

275 1375 406 1435 vestibus
428 1373 554 1434 extentis
575 1386 614 1446 et,
637 1374 720 1451 quod
742 1384 929 1449 superaverat
950 1392 1053 1445 unum,

276 1473 343 1532 velo
362 1492 450 1549 prora
471 1491 534 1532 suo.
576 1469 635 1531 iarn
656 1469 863 1531 deficientibus
884 1471 991 1530 austris

276 1589 344 1647 spes
365 1568 443 1630 vitae
464 1590 532 1629 cum
554 1570 616 1629 sole
636 1566 721 1628 redit.
764 1577 837 1627 tunc
857 1577 956 1643 gratus
978 1568 1046 1626 Iulo

276 1678 367 1744 atque
387 1667 535 1727 novercali
556 1667 642 1726 sedes
663 1666 794 1742 praelata
815 1663 929 1723 Lavino

276 1765 456 1842 conspicitur
476 1764 610 1826 sublimis
631 1784 715 1842 apex,
737 1763 786 1823 cui
807 1763 936 1823 candida
957 1781 1068 1822 nomen
1093 1763 1095 1766 ’

278 1862 372 1920 scrofa
393 1860 487 1933 dedit,
509 1858 593 1920 laetis
614 1859 779 1936 Phrygibus
801 1858 935 1919 mirabile
956 1877 1071 1931 sumen,

278 1970 307 2019 et
328 1978 491 2035 numquam
512 1956 581 2018 visis
602 1955 720 2033 triginta
741 1959 820 2016 clara
841 1956 985 2016 mamillis.

278 2057 399 2116 tandem
420 2056 509 2115 intrat
530 2053 641 2132 positas
662 2054 779 2113 inclusa
799 2074 852 2132 per
872 2074 1002 2131 aequora
1023 2055 1117 2113 moles
1247 2074 1278 2127 75

278 2154 522 2230 Tyrrhenamque
542 2154 658 2228 pharon
679 2165 875 2230 porrectaque
895 2151 1035 2213 bracchia
1055 2171 1170 2211 rursum

279 2270 355 2327 quae
376 2252 482 2328 pelago
503 2262 662 2310 occurrunt
683 2250 784 2311 medio
806 2252 955 2327 longeque
976 2249 1147 2326 relinquunt

280 2347 415 2419 Italiam,
443 2367 505 2406 non
527 2345 677 2423 sicigitur
698 2346 844 2407 mirabere
865 2358 968 2423 portus

279 2465 354 2522 quos
376 2456 481 2505 natura
501 2445 591 2505 dedit.
635 2448 689 2507 sed
710 2458 815 2506 trunca
835 2466 935 2523 puppe
957 2444 1095 2522 magister

268 2542 416 2630 ¹interiora
437 2543 511 2620 petit
532 2543 661 2604 Baianae
682 2545 784 2621 pervia
804 2545 930 2604 cumbae

279 2640 333 2700 tuti
354 2653 459 2717 stagna
479 2640 569 2701 sinus.
613 2643 744 2719 gaudent
765 2642 806 2702 ibi
828 2640 936 2702 vertice
957 2659 1025 2700 raso

278 2741 393 2816 garrula
414 2737 507 2798 securi
528 2758 644 2799 narrare
665 2739 796 2816 pericula
816 2749 931 2797 nautae.

318 2835 359 2896 ite
380 2835 477 2912 igitur,
498 2835 591 2912 pueri,
613 2835 720 2912 linguis
742 2834 907 2910 animisque
928 2835 1060 2892 faventes

280 2944 416 3010 sertaque
436 2931 567 2992 delubris
589 2942 618 2990 et
638 2932 713 2990 farra
732 2929 867 3007 inponite
889 2929 988 2988 cultris

279 3050 315 3089 ac
336 3028 433 3088 mollis
454 3024 561 3088 ornate
577 3027 661 3086 focos
681 3027 877 3102 glaebamque
899 3025 1051 3084 virentem.

278 3125 337 3186 iam
359 3145 466 3203 sequar
487 3137 516 3186 et
537 3143 629 3195 sacro,
653 3124 735 3199 quod
758 3134 895 3199 praestat,
918 3123 972 3183 rite
993 3135 1114 3200 peracto

279 3224 351 3285 inde
371 3225 496 3284 domum
517 3231 658 3298 repetam,
681 3218 806 3296 graciles
827 3220 879 3279 ubi
900 3239 990 3297 parva
1010 3240 1135 3280 coronas

266 3428 268 3436 Α
329 3481 360 3535 59
392 3467 481 3518 taedae
491 3469 531 3516 P:
548 3466 622 3517 taeda
628 3474 668 3530 po
727 3463 756 3516 61
793 3464 886 3529 aspice]
898 3465 991 3529 respice
1003 3466 1075 3529 Jahn
1131 3462 1161 3512 62
1195 3467 1280 3530 iacuit]

280 3552 394 3602 tacuitP
510 3562 539 3613 73
573 3548 688 3598 mirabile
693 3549 736 3612 pS
743 3566 750 3598 r
767 3547 908 3598 miserabile
920 3548 964 3596 PS
974 3548 1051 3596 Brea.
1171 3547 1198 3595 81
1234 3551 1280 3599 tuti

280 3641 368 3699 stagna
378 3633 445 3682 sinus
457 3631 483 3681 P
489 3649 495 3682 ι
512 3638 571 3680 tunc
582 3636 713 3696 stagnante
724 3630 779 3679 sinu
786 3637 807 3693 p
