2992 4134
270 387 313 472 98
674 405 872 454 rvvuuatrs

271 548 429 625 pascentis,
452 547 570 626 propria
592 568 661 608 cum
682 549 742 607 iam
765 549 834 608 facit
857 552 961 609 arbore
982 549 1077 626 nidos.
1242 559 1274 612 80

272 647 324 705 sed
346 647 477 722 leporem
498 657 548 705 aut
570 665 706 721 capream
728 648 856 706 famulae
879 645 1010 706 Iovis·et
1030 666 1193 723 generosae

272 741 302 799 in
324 745 398 802 saltu
419 755 565 802 venantur
585 762 662 816 aveS,
685 742 756 801 hinc
777 744 887 819 praeda
909 742 999 801 cubili

271 839 410 914 ponitur:
438 839 509 898 inde
530 849 630 898 autem
651 858 720 897 cum
742 858 775 898 se
797 850 911 898 matura
932 838 1034 899 levarit

271 937 436 1013 progenies,
459 937 628 996 stimulante
649 937 728 994 lame
750 937 870 999 festinat
891 938 930 996 ad
951 938 1033 996 illam

272 1034 509 1109 quamprimum
531 1033 673 1109 praedam
695 1044 782 1109 rupto
804 1044 971 1109 gustaverat
992 1052 1057 1093 ovo.
1241 1044 1274 1108 85

311 1131 483 1190 aedificator
503 1141 563 1189 erat
585 1129 743 1189 Cretonius
764 1139 795 1188 et
815 1131 909 1189 modo
931 1150 1022 1190 curvo

272 1225 356 1286 litore
378 1226 507 1297 Caietae,
531 1246 648 1285 summa
668 1246 748 1285 nunc
769 1226 889 1288 Tiburis
910 1247 985 1301 arce,

272 1344 353 1383 nunc
375 1322 572 1383 Praenestinis
593 1322 624 1380 in
645 1323 797 1382 montibus
818 1325 878 1383 alta
899 1327 1023 1401 parabat

273 1421 401 1481 culmina
422 1421 558 1479 villarum
580 1421 703 1479 Graecis
722 1423 872 1498 longeque
892 1421 992 1499 petitis

273 1518 468 1578 marmoribus
489 1517 611 1576 vincens
633 1520 784 1577 Fortunae
805 1531 896 1595 atque
919 1517 1058 1578 Herculis
1079 1517 1194 1591 aedem,
1241 1542 1274 1590 90

272 1627 305 1675 ut
326 1617 421 1692 spado
442 1615 580 1676 vincebat
603 1615 753 1694 Capitolia
774 1628 875 1676 nostra
897 1615 1030 1676 Posides.

272 1714 343 1772 dum
366 1713 408 1773 sic
429 1733 499 1790 ergo
520 1713 635 1774 habitat
657 1713 824 1785 Cretonius,
847 1714 985 1773 inminuit
1005 1733 1076 1786 rem,

271 1809 356 1885 fregit
378 1829 459 1885 opes,
483 1829 539 1869 nec
560 1829 652 1886 parva
673 1822 773 1868 tamen
796 1829 934 1869 mensura
954 1809 1074 1869 relictae

272 1905 361 1982 partis
383 1917 453 1965 erat.
498 1918 590 1967 totam
612 1909 692 1966 hanc
714 1907 841 1966 turbavit
863 1907 939 1966 filius
959 1927 1073 1980 amena,

272 2005 344 2062 dum
366 2004 487 2063 meliore
508 2023 600 2062 novas
622 2003 730 2062 attollit
752 2023 897 2063 marmore
917 2004 1009 2064 villas

313 2101 435 2176 quidam
456 2099 552 2160 sortiti
573 2110 756 2160 metuentem
778 2103 903 2161 sabbata
923 2114 1037 2178 patrem

272 2198 314 2257 nil
335 2209 451 2274 praeter
472 2200 566 2258 nubes
588 2210 618 2257 et
640 2198 713 2258 caeli
735 2218 846 2258 numen
869 2199 1004 2273 adorant,

272 2315 328 2354 nec
349 2296 457 2355 distare
478 2306 584 2373 putant
606 2296 737 2355 humana
758 2316 847 2357 carne
867 2297 984 2356 suillam

273 2414 332 2469 qua
352 2405 437 2471 pater
457 2393 607 2465 abstinuit,
630 2414 700 2453 mox
720 2406 750 2454 et
771 2395 925 2470 praeputia
945 2406 1080 2472 ponunt3

276 2493 426 2550 Romanas
447 2502 547 2551 autem
569 2491 647 2551 soliti
669 2502 861 2551 contemnere
883 2495 961 2570 leges

274 2587 429 2647 ludaicum
452 2589 588 2648 ediscunt
609 2600 638 2648 et
660 2603 777 2649 servant
798 2611 833 2649 ac
855 2602 991 2650 metuunt
1011 2591 1065 2661 ius,

272 2687 393 2746 tradidit
414 2706 523 2747 arcano
545 2689 758 2765 quodcumque
779 2691 930 2748 volumine
953 2693 1081 2765 Moyses

272 2801 334 2841 non
355 2793 519 2842 monstrare
540 2784 602 2843 vias
623 2784 729 2843 eadem
751 2783 807 2844 nisi
828 2805 910 2844 sacra
931 2784 1050 2856 colenti,

272 2879 440 2957 quaesitum
461 2880 499 2938 ad
520 2881 633 2939 fontem
655 2883 735 2939 solos
758 2881 905 2941 deducere
925 2900 1040 2958 verpos.

272 2979 325 3036 sed
346 2988 431 3053 pater
450 2976 481 3035 in
503 2996 598 3047 causa,
622 2977 671 3035 cui
692 2977 819 3053 septima
841 2998 977 3054 quaeque
998 2978 1051 3036 suit
1072 2979 1121 3037 lux
1225 3004 1270 3056 105

272 3072 378 3150 ignava
398 3083 428 3133 et
449 3082 563 3149 partem
584 3070 662 3131 vitae
684 3091 745 3132 non
767 3073 863 3151 attigit
884 3076 981 3135 ullam.

312 3181 420 3245 sponte
441 3179 540 3228 tamen
562 3167 684 3229 iuvenes
705 3170 858 3231 imitantur
879 3183 986 3245 cetera,
1008 3175 1101 3231 solam

271 3264 356 3325 inviti
376 3286 496 3344 quoque
516 3265 668 3325 avaritiam
690 3287 827 3327 exercere
848 3270 994 3329 iubentur.

272 3361 346 3423 fallit
367 3363 445 3423 enirn
467 3363 571 3424 vitium
593 3363 693 3440 specie
712 3363 827 3426 virtutis
849 3378 878 3426 et
899 3368 1013 3439 umbra,

308 3584 343 3644 83
375 3583 482 3647 levarit]
495 3586 641 3638 levaretP:
658 3585 752 3638 levavit
767 3588 802 3638 T:
820 3588 913 3637 levabit
919 3596 958 3652 po
1073 3589 1104 3640 86
1138 3591 1268 3643 Cretonius

243 3659 286 3705 P:
304 3661 494 3734 Cerroniuspv
597 3672 630 3740 87
665 3673 785 3739 Caietae]
801 3672 906 3726 Caietae
922 3673 941 3710 Ρ
