2992 4134
250 360 293 422 94
650 355 850 406 rvvunaurs

250 512 393 578 perpetua
414 502 556 575 anxietas,
577 521 634 561 nec
655 522 777 563 mensae
798 514 933 581 tempore
953 512 1050 562 cessat

250 600 385 659 faucibus
407 610 439 658 ut
460 600 564 660 morbo
586 599 672 659 siccis
691 599 828 677 interque
849 603 976 661 molares

251 695 362 756 difficili
382 707 534 756 crescente
554 695 631 769 cib0‚
654 696 707 757 sed
727 696 797 757 vina
817 698 949 758 misellus

251 794 362 872 expuit,
384 794 493 854 Albani
513 793 619 855 veteris
639 795 769 871 pretiosa
789 807 925 856 senectus

251 890 405 968 displicet3
432 893 573 952 ostendas
593 891 708 962 melius,
730 892 906 953 densissima
925 913 998 970 ruga

251 989 366 1066 cogitur
386 988 416 1047 in
437 990 564 1048 frontem
586 990 667 1048 velut
688 988 747 1048 acri
769 989 859 1049 ducta
880 992 1013 1050 Falerno.

252 1099 340 1146 nocte
360 1087 480 1146 brevem
501 1083 526 1143 si
546 1086 620 1145 sorte
641 1084 764 1145 indulsit
785 1105 856 1146 cura
876 1105 1016 1164 soporem

252 1193 281 1242 et
303 1193 365 1242 toto
386 1193 501 1241 versata
522 1192 587 1242 toro
606 1181 664 1241 iam
689 1184 823 1242 membra
842 1185 1008 1260 quiescunt,

252 1279 393 1340 continno
415 1280 561 1355 templum
582 1290 612 1339 et
632 1279 733 1339 violati
754 1280 885 1340 numinis
904 1301 969 1340 aras

252 1390 283 1437 et
303 1378 383 1453 quod
404 1375 570 1454 praecipuis
592 1387 724 1436 mentem
745 1378 902 1438 sudoribus
922 1389 1035 1455 urguet,

253 1486 282 1535 te
302 1474 382 1534 videt
402 1474 433 1533 in
455 1472 567 1533 somnis
577 1494 585 1546 3
613 1483 664 1533 tua
684 1494 767 1534 sacra
787 1487 817 1535 et
838 1474 932 1535 maior
952 1476 1050 1552 imago

253 1573 382 1630 humana
402 1571 502 1630 turbat
522 1570 662 1647 pavidum
683 1570 822 1648 cogitque
842 1572 932 1632 fateri

253 1668 282 1726 hi
304 1680 372 1728 sunt
392 1667 443 1745 qui
464 1668 612 1746 trepidant
633 1682 663 1729 et
683 1669 721 1728 ad
743 1671 845 1729 omnia
864 1671 978 1746 fulgura
998 1672 1119 1747 pallent,

252 1787 319 1826 cum
342 1778 435 1840 tonat,
457 1766 607 1839 exanimis,
629 1766 726 1844 primo
745 1787 866 1845 quoque
887 1787 1034 1828 murmure
1054 1768 1138 1842 caeli,

254 1883 314 1922 non
335 1863 419 1937 quasi
440 1864 577 1923 fortuitus
598 1883 654 1923 nec
675 1875 831 1924 ventomm
852 1864 933 1926 rabie
954 1866 1008 1926 sed

253 1961 343 2019 iratus
365 1961 452 2019 cadat
472 1960 503 2018 in
525 1970 615 2019 terras
636 1971 666 2020 et
687 1961 797 2021 iudicet
818 1961 901 2040 ignis.

253 2057 301 2116 illa
321 2057 393 2115 nihil
415 2057 525 2128 nocuit,
547 2076 618 2117 cura
637 2057 768 2134 graviore
790 2059 908 2120 timetur

252 2155 386 2233 proxima
407 2165 568 2230 tempestas
588 2158 669 2215 velut
689 2157 748 2216 hoc
769 2157 860 2218 dilata
880 2178 995 2219 sereno.

252 2262 402 2331 praeterea
424 2250 524 2310 lateris
544 2251 624 2328 vigili
644 2273 712 2312 cum
734 2255 815 2315 febre
836 2256 969 2316 dolorem

253 2350 277 2410 si
298 2370 423 2427 coepere
444 2348 513 2427 pati,
535 2349 658 2409 missum
679 2353 718 2411 ad
740 2372 794 2411 sua
813 2372 938 2429 corpora
958 2358 1094 2415 morbum

253 2449 361 2508 infesto
381 2449 507 2507 credunt
527 2468 546 2506 a
567 2450 698 2522 numine,
720 2470 791 2509 saxa
811 2452 934 2511 deorum

253 2548 327 2605 haec
348 2556 378 2605 et
399 2547 457 2605 tela
478 2557 592 2622 putant.
635 2551 783 2624 pecudem
804 2551 952 2626 spondere
972 2553 1083 2612 sacello

253 2644 401 2702 balantem
422 2652 452 2702 et
474 2644 597 2704 Laribus
619 2644 735 2705 cristam
757 2645 929 2721 promittere
948 2648 1017 2724 galli

254 2759 315 2799 non
337 2740 466 2811 audent;
494 2740 567 2816 quid
589 2741 668 2800 enim
690 2761 809 2818 sperare
830 2743 1005 2804 nocentibus
1026 2746 1120 2821 aegris

253 2837 450 2896 concessum?
477 2839 524 2895 vel
545 2856 622 2913 quae
643 2858 705 2898 non
726 2838 844 2915 dignior
864 2839 960 2899 hostia
980 2839 1062 2900 vita?
1202 2867 1249 2919 235

254 2932 371 2994 mobilis
392 2944 421 2993 et
443 2933 521 2993 varia
541 2944 586 2994 est
606 2936 697 2994 ferme
718 2947 822 2995 natura
843 2941 986 2998 malorum
996 2959 1005 3013 3

254 3049 322 3090 cum
344 3031 441 3090 scelus
462 3029 631 3103 admittunt,
653 3043 788 3107 superest
808 3035 993 3095 constantia:
1021 3038 1103 3112 quod
1123 3039 1167 3097 fas

254 3139 343 3205 atque
363 3131 453 3202 nefas,
476 3131 596 3190 tandem
618 3127 766 3206 incipiunt
787 3134 894 3193 sentire
915 3135 1042 3211 peractis

254 3223 432 3285 criminibus.
475 3236 575 3285 tamen
595 3226 634 3285 ad
655 3245 752 3286 mores
773 3237 876 3286 natura
896 3231 1016 3291 recurrit

254 3323 411 3382 damnatos
432 3324 490 3382 fixa
510 3334 541 3384 et
561 3321 668 3384 mutari
688 3322 797 3383 nescia.
840 3344 910 3384 nam
931 3328 998 3404 quis
1202 3354 1251 3402 240

254 3418 396 3496 peccandi
418 3422 507 3480 finem
528 3420 628 3498 posuit
648 3419 726 3481 sibi?
754 3422 878 3497 quando
898 3426 1009 3502 recepit

255 3514 381 3576 eiectum
403 3519 494 3578 semel
514 3517 612 3578 attrita
632 3519 671 3579 de
691 3520 787 3580 fronte
808 3522 968 3582 mborem?

544 3649 591 3696 ²13
624 3636 668 3685 sed
679 3635 747 3695 vina]
764 3635 849 3686 Setina
867 3635 965 3700 Withof
