2992 4134
522 339 633 388 nrunn
655 338 687 391 v.
709 339 855 390 sarvna
878 340 952 390 xrv.
1198 344 1238 408 95

241 484 377 560 quisnam
398 485 555 545 hominum
576 496 620 546 est
642 504 733 562 quern
754 497 787 545 tu
808 495 984 545 contentum
1005 483 1114 545 videris
1136 505 1197 545 uno

241 581 374 659 flagitio?
401 582 485 642 dabit
505 581 537 642 in
557 583 698 658 laqueum
718 581 841 660 vestigia
862 593 962 642 noster

241 681 371 757 perfidus
392 691 422 740 et
443 679 518 757 nigri
538 680 666 757 patietur
686 678 811 741 carceris
832 699 942 740 uncum
1195 703 1240 753 245

240 789 292 838 aut
313 777 402 838 maris
422 777 534 854 Aegaei
554 798 660 856 rupem
681 780 879 856 scopulosque
901 780 1068 854 frequentes

241 876 375 936 exulibus
396 875 518 953 magnis.
560 896 660 954 poena
678 876 823 954 gaudebis
843 895 944 934 amara

242 972 372 1034 nominis
392 971 478 1032 invisi
500 974 682 1052 tandemque
703 975 833 1035 fatebere
855 975 948 1032 laetus

242 1081 300 1130 nec
318 1072 441 1131 surdum
462 1091 518 1133 nec
538 1072 680 1132 Teresian
701 1091 881 1150 quemquam
902 1089 967 1132 esse
988 1071 1119 1131 deorum.

602 1485 766 1546 SATVRA
795 1487 879 1546 XIV.

245 1646 375 1707 Plurima
395 1659 472 1720 sunt,
495 1647 631 1718 Fuscine‚
654 1659 683 1708 et
704 1650 783 1707 fama
803 1647 893 1726 digna
914 1647 1031 1707 sinistra

244 1757 275 1804 et
296 1744 396 1806 nitidis
417 1746 564 1805 maculam
585 1745 741 1804 haesuram
762 1743 883 1822 figentia
903 1745 1000 1813 rebus,

245 1861 322 1918 quae
343 1853 507 1902 monstrant
527 1841 584 1919 ipsi
604 1841 703 1919 pueris
724 1843 904 1917 traduntque
924 1853 1068 1919 parentes.

245 1938 271 1997 si
293 1939 438 1998 damnosa
459 1958 562 2000 senem
583 1937 664 1998 iuvat
684 1939 758 2012 alea,
781 1937 855 2000 ludit
876 1948 906 1998 et
926 1939 1010 1998 heres

245 2039 374 2097 bullatus
395 2056 547 2113 parvoque
568 2038 675 2096 eadem
696 2046 797 2096 movet
818 2055 899 2096 arma
919 2035 1025 2095 fritillo
1229 2054 1244 2109 5

245 2154 304 2194 nec
323 2132 428 2193 melius
449 2134 488 2193 de
509 2152 541 2193 se
562 2130 703 2209 cuiquam
724 2151 840 2210 sperare
860 2131 1031 2210 propinquo

246 2232 393 2292 concedet
415 2231 537 2303 iuvenis,
560 2231 611 2308 qui
632 2232 734 2290 radere
757 2231 861 2291 tubera
882 2241 983 2304 terrae,

246 2334 380 2391 boletum
401 2330 523 2390 condire
545 2341 574 2391 et
596 2331 703 2390 eodem
725 2329 788 2390 iure
809 2329 939 2389 natantis

246 2448 377 2505 mergere
398 2428 538 2488 ficedulas
560 2426 663 2487 didicit
684 2428 835 2487 nebulone
856 2436 978 2502 parente

246 2539 277 2586 et
298 2546 373 2585 cana
394 2534 577 2585 monstrante
597 2525 683 2601 gula;
710 2542 780 2582 cum
801 2522 945 2599 septimus
966 2540 1063 2579 annus
1216 2540 1246 2578 ιο

247 2623 393 2686 transierit
414 2642 547 2699 puerum,
569 2622 705 2681 nondum
726 2620 809 2681 omni
831 2622 920 2680 dente
941 2629 1053 2691 renate,

247 2723 386 2782 barbatos
407 2720 475 2780 licet
496 2721 655 2779 admoveas
677 2718 757 2778 mille
777 2717 848 2778 inde
868 2717 1031 2794 magistros,

246 2821 318 2879 hinc
339 2818 472 2890 totidem,
494 2817 594 2895 cupiet
615 2817 695 2876 lauto
716 2835 824 2877 cenare
844 2828 948 2893 paratu
1054 2835 1056 2838 ⁴

247 2937 368 2995 semper
387 2928 417 2977 et
438 2936 457 2975 a
477 2935 584 2992 magna
605 2933 666 2973 non
687 2915 865 2991 degenerare
887 2913 992 2972 culina.

247 3015 352 3075 mitem
372 3015 506 3073 animum
527 3024 557 3072 et
578 3031 676 3070 mores
697 3010 822 3071 modicis
844 3009 989 3070 erroribus
1010 3027 1122 3085 aequos

246 3113 391 3189 praecipit
411 3121 501 3186 atque
521 3109 634 3169 animas
656 3127 804 3168 servorum
827 3117 857 3167 et
877 3126 1002 3184 corpora
1022 3117 1122 3166 nostra

247 3208 370 3269 materia
390 3217 525 3267 constare
547 3216 632 3283 putat
651 3205 830 3282 paribusque
851 3204 1013 3277 elementis

247 3327 286 3368 an
308 3306 419 3366 saevire
441 3307 530 3365 docet
551 3304 670 3364 Rutilus
692 3303 742 3380 qui
762 3302 871 3380 gaudet
891 3305 999 3363 acerbo

247 3408 401 3485 plagarum
422 3403 546 3481 strepitu
567 3415 597 3464 et
618 3404 729 3463 nullam
751 3401 853 3462 Sirena
874 3402 995 3480 flagellis

248 3513 401 3581 conparat,
424 3502 602 3579 Antiphates
623 3501 729 3578 trepidi
752 3499 819 3560 laris
840 3521 875 3560 ac
897 3500 1105 3577 Polyphemus,
1217 3517 1249 3552 20

374 3630 424 3669 xlv
437 3635 450 3668 a
484 3618 607 3667 maculam
617 3617 747 3666 haesuram
760 3617 821 3664 PT:
839 3615 961 3663 maculam
972 3629 1001 3663 ac
1012 3627 1098 3675 rugam
1109 3626 1128 3657 ω
