2992 4134
563 348 673 398 LIBER
697 349 733 398 11.
758 350 902 400 SATVRA
924 351 971 400 Vl.

307 496 358 557 illa
378 509 478 558 tamen
500 495 622 574 gravior,
644 516 811 575 quaecum
833 497 1019 560 discumbere
1040 500 1147 576 coepit,

266 595 370 654 laudat
388 594 560 673 Vergilium,
584 594 732 671 periturae
753 595 880 672 ignoscit
902 599 1023 671 Elissae,

266 690 427 752 committit
446 704 530 753 vates
550 703 581 753 et
601 705 762 770 comparat,
785 692 856 755 inde
879 696 1036 755 Maronem

266 801 357 864 atque
377 789 434 849 alia
454 802 538 868 parte
559 790 589 848 in
611 790 720 850 trutina
741 790 896 867 suspendit
919 793 1096 851 Homerum.

267 888 378 946 cedunt
397 886 590 964 grammatici,
611 887 770 949 vincuntur
790 889 932 964 rhetores,
955 891 1052 948 omnis

268 984 353 1043 turba
373 995 461 1059 tacet,
483 1004 540 1046 nec
560 984 729 1046 causidicus
750 1005 807 1046 nec
828 1004 937 1063 praeco
959 988 1103 1061 loquetur,

267 1082 358 1140 altera
378 1101 435 1143 nec
455 1082 578 1158 mulier;
605 1085 762 1143 verborum
784 1094 866 1145 tanta
887 1081 967 1144 cadit
988 1083 1040 1142 vis.

268 1190 311 1238 tot
331 1178 438 1258 pariter
458 1183 559 1257 pelves
580 1201 616 1242 ac
637 1180 838 1243 tintinnabula
858 1181 941 1241 dicas

267 1279 383 1353 pulsari.
426 1277 486 1337 iam
506 1299 597 1340 nemo
618 1282 714 1352 tubas,
738 1299 830 1340 nemo
851 1298 919 1339 aera
940 1280 1061 1356 fatiget:

183 1434 186 1440 4
267 1395 327 1433 una
346 1375 493 1435 laboranti
513 1375 622 1454 poterit
643 1396 813 1438 succurrere
835 1378 946 1437 Lunae.

267 1470 383 1548 inponit
403 1473 495 1532 finem
516 1473 635 1552 sapiens
656 1485 686 1534 et
707 1477 797 1534 rebus
817 1473 967 1546 honestis;

267 1590 335 1630 nam
357 1590 434 1647 quae
454 1571 544 1631 docta
565 1570 653 1631 nimis
673 1570 757 1648 cupit
780 1582 809 1631 et
829 1572 959 1631 facunda
981 1571 1083 1645 videri,

266 1688 349 1731 crure
369 1680 456 1728 tenus
477 1669 578 1729 medio
599 1668 714 1729 tunicas
736 1667 908 1745 succingere
929 1668 1028 1742 debet,

265 1767 390 1827 caedere
411 1765 531 1826 Silvano
552 1787 686 1845 porcum,
709 1768 876 1844 quadrante
897 1767 996 1827 lavari.

265 1884 326 1924 non
348 1865 456 1924 habeat
477 1874 620 1938 matrona,
644 1864 698 1926 tibi
718 1885 795 1942 quae
817 1865 919 1925 iuncta
939 1865 1094 1937 recumbit,

265 1962 385 2021 dicendi
405 1979 509 2038 genus,
532 1973 584 2023 aut
604 1982 725 2023 curvum
749 1981 887 2023 sermone
908 1974 1006 2024 rotato

265 2069 401 2135 torqueat
422 2060 620 2137 enthymema,
642 2079 699 2121 nec
720 2060 857 2120 historias
879 2060 953 2122 sciat
974 2081 1088 2133 omneS,

265 2157 318 2215 sed
340 2158 486 2232 quaedam
507 2176 544 2217 ex
564 2157 646 2219 libris
667 2169 697 2218 et
717 2177 780 2218 non
801 2157 961 2234 intellegat.
1005 2159 1057 2219 odi

265 2255 343 2313 hanc
364 2273 420 2330 ego
441 2273 519 2331 quae
539 2254 646 2332 repetit
668 2255 820 2331 volvitque
841 2258 1030 2316 Palaemonis
1051 2269 1144 2317 artem

265 2363 379 2411 servata
400 2369 518 2428 semper
539 2353 604 2428 lege
625 2365 655 2412 et
675 2352 790 2413 ratione
811 2354 953 2429 loquendi

265 2450 443 2526 ignotosque
464 2450 535 2510 mihi
557 2462 639 2512 tenet
661 2450 828 2527 antiquaria
849 2470 948 2511 versus

265 2567 322 2607 nec
342 2547 473 2606 curanda
493 2546 562 2607 viris
584 2549 689 2626 opicae
710 2546 834 2623 castigat
855 2547 971 2607 amicae

265 2645 372 2703 verba:
400 2643 610 2705 soloecismum
632 2644 718 2704 liceat
739 2644 844 2704 fecisse
865 2647 979 2704 marito.

305 2741 347 2800 nil
368 2760 430 2802 non
450 2741 595 2820 permittit
616 2741 722 2802 mulier
742 2741 807 2815 sibi,
831 2753 914 2820 turpe
936 2754 1020 2820 putat
1040 2741 1090 2815 nil,

266 2858 334 2899 cum
355 2838 464 2899 virides
485 2858 618 2915 gemmas
639 2841 718 2899 collo
739 2837 937 2899 circumdedit
958 2853 987 2900 et
1009 2860 1077 2900 cum

265 2936 384 2995 auribus
404 2936 529 2996 extentis
551 2956 676 3014 magnos
696 2935 846 2996 commisit
867 2937 1007 2996 elenchos
1016 2959 1027 3011 ;

265 3033 476 3094 intolerabilius
497 3032 570 3093 nihil
591 3045 636 3094 est
657 3053 746 3110 quam
769 3032 880 3092 femina
901 3033 992 3093 dives.

264 3131 376 3191 interea
396 3132 484 3192 foeda
504 3143 626 3210 aspectu
647 3130 832 3207 ridendaque
853 3133 949 3190 multo

265 3248 343 3306 pane
363 3239 457 3290 tumet
478 3228 568 3289 facies
587 3240 640 3288 aut
661 3228 781 3307 pinguia
803 3231 986 3304 Poppaeana

265 3328 364 3405 spirat,
385 3341 417 3388 et
436 3329 506 3388 hinc
527 3327 625 3389 miseri
646 3327 797 3389 viscantur
817 3329 899 3387 labra
920 3325 1034 3386 mariti:

265 3429 305 3487 ad
325 3427 484 3508 moechum
504 3428 566 3486 lota
586 3425 710 3486 veniunt
731 3437 808 3485 cute.
851 3425 972 3501 quando
994 3424 1085 3484 videri

501 3634 550 3687 455
583 3623 642 3673 viris
653 3625 725 3688 Spu:
743 3622 804 3671 mihi
817 3624 841 3672 P
851 3622 931 3692 (from
943 3624 961 3674 l.
977 3625 1039 3689 ιω

520 3858 601 3874 β
