2992 4134
528 337 640 387 LIBER
662 339 695 388 V.
718 338 865 389 SATVRA
889 341 968 391 Xlll.

540 767 687 832 rinna
718 767 944 851 ernrvs

602 1009 770 1070 SATVRA
794 1010 883 1070 XIII.

241 1181 391 1257 Exemplo
413 1180 627 1257 quodcumque
649 1182 730 1241 malo
751 1179 955 1255 committitur,
976 1179 1033 1258 ipsi

240 1277 379 1353 displicet
400 1275 523 1338 auctori.
568 1276 664 1355 prima
684 1290 730 1340 est
751 1281 827 1340 haec
848 1279 921 1339 ultio
942 1281 1023 1355 quod
1046 1297 1077 1338 se

240 1375 339 1436 iudice
361 1395 452 1436 nemo
473 1395 588 1437 nocens
609 1376 787 1452 absolvitur,
805 1377 943 1455 improba
964 1377 1099 1455 quamvis

239 1473 333 1551 gratia
354 1474 452 1535 fallaci
473 1475 618 1552 praetoris
639 1476 741 1536 vicerit
762 1496 843 1536 uma.

240 1573 314 1647 quid
335 1572 445 1632 sentire
466 1583 553 1649 putas
574 1591 690 1645 omnes,
712 1572 846 1644 Calvine,
869 1572 980 1633 recenti

240 1671 280 1729 de
302 1672 413 1730 scelere
434 1681 463 1729 et
485 1668 556 1730 fidei
577 1668 705 1730 violatae
726 1670 873 1732 crimine?
900 1671 954 1730 sed
975 1690 1032 1731 nec

240 1778 301 1824 tam
324 1765 421 1826 tenuis
442 1785 549 1826 census
570 1766 624 1826 tibi
645 1767 778 1845 contigit,
801 1779 833 1827 ut
854 1766 1011 1829 mediocris

240 1865 369 1926 iacturae
390 1875 420 1925 te
441 1875 555 1941 mergat
575 1883 661 1937 onus,
685 1885 740 1925 nec
762 1885 826 1925 rara
845 1864 981 1926 videmus

239 1982 317 2037 quae
338 1961 466 2038 pateris3
495 1982 581 2021 casus
603 1961 705 2023 multis
727 1963 777 2022 hic
797 1963 933 2040 cognitus
955 1984 991 2024 ac
1011 1963 1070 2025 iam

240 2059 325 2119 tritus
346 2071 376 2120 et
397 2080 413 2119 e
435 2059 537 2119 medio
557 2060 694 2120 fortunae
716 2061 824 2120 ductus
845 2081 958 2124 acervo

240 2176 388 2233 ponamus
409 2155 517 2216 nimios
538 2155 674 2234 gemitus.
717 2157 886 2236 flagrantior
906 2178 1003 2236 aequo

240 2273 302 2312 non
323 2253 414 2313 debet
434 2255 521 2314 dolor
542 2272 608 2313 esse
628 2252 682 2312 viri
704 2273 760 2313 nec
781 2256 901 2315 vulnere
923 2255 1023 2316 maior.

240 2362 273 2410 tu
294 2350 429 2426 quamvis
450 2349 559 2409 levium
580 2349 734 2409 minimam
756 2350 953 2428 exiguamque
974 2353 1118 2413 malorum

239 2448 414 2526 particulam
436 2447 483 2507 vix
505 2449 580 2507 ferre
600 2458 687 2525 potes
708 2448 916 2524 spumantibus
936 2449 1043 2508 ardens

240 2545 409 2616 visceribus,
433 2564 549 2605 sacrum
570 2545 624 2605 tibi
646 2546 729 2622 quod
751 2565 812 2605 non
834 2545 939 2605 reddat
959 2545 1071 2607 amicus
1215 2569 1243 2622 15

240 2642 433 2721 depositum?
461 2655 563 2720 stupet
584 2645 658 2703 haec
679 2642 730 2719 qui
752 2642 810 2702 iam
832 2655 901 2720 post
922 2655 1002 2721 terga
1023 2643 1139 2721 reliquit

239 2743 393 2818 sexaginta
413 2760 508 2800 annos
531 2739 658 2800 Fonteio
679 2743 804 2801 consule
825 2743 934 2801 natus?

239 2861 279 2898 an
302 2838 374 2897 nihil
396 2838 426 2896 in
448 2836 554 2898 melius
575 2849 619 2898 tot
640 2858 737 2898 rerum
759 2838 877 2915 proficit
897 2840 976 2899 usu?

239 2956 349 3013 magna
369 2934 499 3012 quidem,
522 2934 612 2995 sacris
633 2955 710 3013 quae
731 2938 783 2996 dat
804 2948 962 3014 praecepta
983 2935 1097 3009 libellis,

240 3032 344 3093 victrix
364 3034 500 3092 fortunae
520 3033 673 3109 sapientia,
697 3034 833 3094 ducimus
854 3046 955 3094 autem
1211 3057 1244 3092 20

240 3135 296 3193 hos
317 3150 437 3208 quoque
459 3130 568 3204 felices,
591 3131 641 3209 qui
662 3135 736 3192 ferre
757 3131 952 3192 incommoda
971 3131 1049 3191 vitae

241 3250 296 3290 nec
318 3230 426 3290 iactare
446 3230 547 3308 iugum
568 3231 628 3290 vita
649 3230 779 3291 didicere
802 3228 946 3305 magistra

241 3349 317 3405 quae
340 3341 400 3388 tam
422 3330 495 3387 festa
516 3327 588 3401 dies,
610 3339 643 3388 ut
663 3338 760 3388 cesset
780 3327 905 3404 prodere
926 3327 1021 3385 furem

242 3424 395 3502 perfidiam
418 3425 534 3485 fraudes
555 3437 645 3502 atque
666 3424 749 3486 omni
771 3444 807 3483 ex
827 3421 950 3482 crimine
971 3424 1084 3483 lucrum

290 3637 343 3672 x111
358 3636 371 3686 5
405 3626 503 3686 onmes]
519 3626 632 3676 homines
644 3628 748 3678 Ribbeck
868 3627 897 3674 18
931 3623 1030 3691 proficit
1044 3626 1066 3674 Ρ
1072 3642 1082 3674 ἰ
1097 3624 1202 3692 Qmffil*
1210 3631 1248 3686 il*
