2992 4134
565 349 677 398 amer<
700 349 768 404 rur.
790 348 934 399 sarvrm
956 351 989 400 re
1234 337 1279 414 69

219 516 374 593 srursus
394 497 433 557 ad
455 496 639 574 Aethiopum
660 499 790 574 populos
809 499 945 574 aliosque
965 497 1166 574 elephantos?
1232 518 1280 568 ¹50

276 593 394 654 additur
413 592 544 672 imperiis
566 592 725 671 Hispania,
747 597 932 670 Pyrenaeum

277 689 409 777 transilit.
451 689 593 770 opposuit
613 703 720 752 natura
738 693 910 769 Alpemque
929 688 1108 766 niuemquez

218 805 230 821 ··
244 798 247 805 “
262 784 391 850 'diducit
411 790 553 866 scopulos
573 800 604 851 et
623 801 759 850 montem
779 788 891 866 rumpit
909 801 1005 848 aoeto

276 886 335 946 iam
356 897 438 948 tenet
459 887 586 959 Italiam,
607 898 710 947 umen
731 889 808 946 ultra
828 905 950 964 pergere
970 884 1074 946 tendit

276 986 410 1046 ‘actum'
431 983 528 1062 inquit
550 984 641 1045 ‘nihil
661 996 716 1056 est,
737 982 795 1044 nisi
817 987 920 1046 Poeno
942 983 1035 1044 milite
1055 996 1156 1060 portas
1232 1007 1277 1057 ¹55

214 1134 232 1156 Δ
275 1083 437 1161 frangimus
458 1092 489 1143 et
509 1082 609 1143 media
627 1082 769 1142 vexillum
789 1101 872 1159 pono
892 1084 1027 1143 Subura'

276 1202 295 1241 o
315 1182 428 1259 qualis
432 1180 524 1247 facies
544 1193 575 1242 et
595 1179 677 1257 quali
698 1164 792 1258 digna
811 1181 930 1251 tabella

276 1299 345 1338 cum
366 1281 495 1369 GaeQ
513 1279 623 1339 ducem
643 1289 775 1356 portaret
796 1279 885 1357 belua
904 1280 1028 1338 luscum

276 1377 371 1437 exitus
393 1397 464 1456 ergo
484 1377 551 1456 quis
571 1379 638 1438 est?
664 1398 685 1439 o
705 1376 808 1455 gloria'
828 1376 955 1438 vincitur
975 1378 1055 1438 idem

277 1494 384 1552 nempe
404 1474 487 1536 etin
507 1475 628 1536 exilium
649 1494 793 1553 praeceps
814 1475 887 1552 fugit
908 1487 1000 1552 atque
1020 1475 1062 1535 ibi
1081 1495 1207 1553 magnus
1232 1485 1279 1534 ιω

276 1571 488 1652 mirandusque
508 1575 602 1637 cliens
623 1575 708 1655 sedet
728 1575 769 1634 ad
791 1572 938 1650 praetoria
959 1573 1043 1651 regis,

276 1671 373 1732 donec
394 1672 524 1749 Bithyno
544 1671 636 1733 libeat
656 1671 776 1750 vigilare
797 1683 930 1749 tyranno.
970 1740 975 1747 ,

276 1770 365 1828 finem
386 1768 505 1830 animae
525 1763 604 1848 qirae
624 1789 669 1831 res
690 1771 837 1828 humanas
857 1766 975 1828 miscuit
995 1767 1078 1842 olim,

275 1885 337 1926 non
357 1867 457 1945 gladii,
479 1886 541 1928 non
562 1886 633 1927 saxa
653 1867 770 1927 dabunt
790 1885 847 1927 nec
867 1867 935 1938 tela,
956 1867 1010 1927 sed
1031 1865 1080 1926 ille

277 1965 446 2025 Cannarum
467 1963 576 2025 vindex
596 1974 626 2025 et
647 1962 721 2025 tanti
741 1962 893 2047 sanguinis
913 1966 992 2024 ultor

179 2144 182 2149 ‚
275 2063 389 2124 anulus
431 2062 443 2123 i
462 2050 589 2125 demens
610 2073 640 2124 et
661 2082 764 2123 saevas
785 2081 869 2122 curre
889 2081 945 2140 per
964 2062 1064 2140 Alpes,

276 2171 308 2220 ut
329 2159 427 2237 pueris
447 2161 568 2238 placeas
588 2171 619 2220 et
640 2159 820 2221 declamatio
840 2160 902 2220 fias

275 2277 352 2318 unus
373 2259 493 2319 Pellaeo
513 2255 615 2319 iuveni
634 2276 696 2318 non
717 2251 825 2317 s'ufficit
846 2255 934 2330 orbis,

219 2353 221 2355 ’
276 2367 390 2416 aestuat
410 2355 511 2438 infelix
531 2367 659 2432 angusto
680 2353 775 2416 limite
795 2354 901 2414 mundi

255 2438 308 2514 '‘irt
328 2453 418 2532 Gyari
439 2455 557 2514 clausus
578 2453 717 2531 scopulis.
730 2471 882 2530 parvaque
902 2451 1046 2528 Seripho;

248 2606 250 2608 ,
276 2547 343 2610 cum
365 2562 465 2611 tamen
486 2570 506 2612 a
525 2549 621 2628 figulis
642 2549 791 2627 munitam
811 2548 960 2609 intraverit
981 2553 1094 2620 urbem,

276 2648 459 2726 sarcophago
480 2658 640 2709 contentus
659 2646 722 2708 erit.
766 2666 845 2707 mors
867 2649 931 2708 sola
950 2648 1058 2708 fatetur

276 2748 417 2823 quantula
437 2745 496 2806 sint
515 2744 674 2819 hominum
694 2748 880 2822 corpuscula.
922 2746 1050 2807 creditur
1071 2745 1142 2805 olim

276 2842 555 2905 velificatusAthos
575 2855 605 2905 et
625 2843 774 2921 quidquid
795 2842 921 2905 Graecia
941 2845 1071 2904 mendax

276 2944 367 3004 audet
387 2943 417 3003 in
439 2942 571 3016 historia,
592 2955 777 3004 constratum
798 2941 942 3003 classibus
963 2942 1058 3002 isdem
1232 2962 1275 3014 175

275 3041 521 3119 suppositumque
542 3041 615 3103 rotis
635 3041 766 3102 solidum
784 3060 886 3115 mare3
913 3041 1062 3100 credimus
1082 3042 1158 3099 altos

275 3137 419 3200 defecisse
439 3157 543 3200 amnes
564 3149 713 3217 epotaque
735 3139 858 3199 flumina
880 3140 974 3198 Medo

275 3235 440 3312 prandente
460 3248 490 3298 et
510 3236 638 3321 madidis
659 3249 761 3322 cantat
783 3255 860 3314 quae
881 3237 1028 3299 Sostratus
1049 3233 1122 3307 alis;

274 3331 323 3392 ille
345 3343 445 3392 tamen
466 3316 571 3412 qualis'
583 3333 670 3395 rediit
691 3333 842 3395 Salamine
864 3331 974 3404 relicta,

274 3428 305 3490 in
326 3449 429 3505 corum
449 3442 539 3509 atque
560 3452 662 3494 eurum
684 3431 788 3493 solitus
809 3429 922 3491 saevire
943 3429 1065 3508 flagellis
1231 3439 1276 3489 180

306 3538 309 3546 ,
334 3523 363 3548 a·
387 3512 393 3535 ⁵
562 3518 579 3559 s
602 3512 620 3553 ι
1008 3520 1010 3526 ·

353 3655 362 3690 r
367 3654 399 3704 50
431 3640 543 3706 aliosque
548 3647 587 3705 pr
603 3640 717 3704 altosque
727 3641 754 3689 P
763 3641 818 3701 (but
827 3638 887 3688 wdh
895 3640 960 3705 gloss
971 3645 1071 3707 praeter
1080 3637 1204 3700 induerat
