2992 4134
545 353 656 402 LIBER
678 353 730 402 111.
753 353 897 402 SAI'VRA
919 353 996 400 VIII.
1231 353 1266 416 55

271 500 344 558 civis
364 511 395 558 et
416 498 549 576 egregius
570 499 682 576 patriae
702 498 850 576 contingis
871 499 989 574 ovanti,

272 597 438 657 exclamare
457 597 539 670 libet,
561 599 691 674 populus
712 598 796 672 quod
816 599 926 656 clamat
948 597 1026 658 Osiri

272 693 401 754 invento.
444 694 510 773 quis
532 694 611 755 enim
631 714 809 772 generosum
830 693 935 754 dixerit
956 695 1036 754 hunc
1056 693 1108 770 qui
1240 717 1272 767 30

273 790 411 868 indignus
432 811 540 868 genere
560 804 590 854 et
611 793 765 869 praeclaro
785 790 907 851 nomine
928 802 1044 851 tantum

273 887 417 963 insignis?
443 907 555 948 nanum
577 888 732 949 cuiusdam
756 889 876 948 Atlanta
896 907 1047 961 vocamus,

274 984 451 1061 Aethiopem
473 986 619 1061 Cycnum,
642 1004 764 1061 pravam
786 994 990 1061 extortamque
1011 986 1141 1060 puellam

275 1082 432 1156 Europen3
460 1080 584 1140 canibus
605 1080 693 1157 pigris
714 1079 874 1157 scabicque
894 1092 1011 1142 vetusta

274 1179 388 1238 levibus
409 1190 439 1239 et
459 1179 556 1239 siccae
577 1178 776 1240 lambentibus
797 1198 849 1239 ora
869 1182 1007 1240 lucernae
1239 1201 1269 1252 35

274 1295 385 1335 nomen
406 1277 459 1336 erit
480 1278 590 1353 pardus
611 1275 693 1352 tigris
713 1278 772 1348 leo,
793 1275 818 1335 si
839 1275 911 1353 quid
933 1277 1032 1336 adhuc
1053 1287 1097 1336 est

274 1375 356 1447 quod
377 1375 481 1434 fremat
502 1373 533 1432 in
554 1373 638 1434 terris
657 1372 836 1445 violentius3
864 1393 933 1451 ergo
953 1374 1073 1435 cavebis

274 1480 303 1529 et
324 1481 440 1530 metues
461 1489 500 1530 ne
521 1481 553 1531 tu
574 1472 618 1529 sic
638 1469 774 1531 Creticus
794 1481 845 1529 aut
866 1471 1049 1532 Camerinus.

314 1567 359 1625 his
380 1586 437 1644 ego
459 1587 547 1644 quem
569 1566 694 1626 monui?
721 1579 822 1626 tecum
843 1577 887 1625 est
908 1565 981 1624 mihi
1002 1585 1107 1637 sermo,
1131 1566 1251 1625 Rubelli

275 1667 398 1726 Blande.
440 1677 537 1725 tumes
557 1665 618 1725 alto
641 1668 805 1724 Drusorum
826 1674 990 1736 stemmate,
1013 1674 1164 1741 tamquam
1239 1687 1272 1734 40

274 1761 376 1822 feceris
397 1760 461 1837 ipse
482 1761 594 1838 aliquid
615 1773 735 1839 propter
756 1762 838 1837 quod
859 1760 967 1820 nobiIIs
988 1779 1077 1834 esses,

274 1871 307 1918 ut
328 1870 357 1918 te
377 1858 548 1935 conciperet
568 1877 647 1936 quae
667 1858 810 1936 sanguine
831 1859 923 1936 fulget
945 1857 1011 1928 Iuli,

275 1975 334 2014 non
358 1975 434 2033 quae
455 1967 581 2016 ventoso
603 1958 754 2016 conducta
774 1957 830 2016 sub
851 1975 955 2032 aggere
976 1955 1055 2015 texit

277 2056 346 2106 ‘vos
366 2047 509 2108 humiles'
530 2048 629 2126 iuquis
652 2049 747 2126 ‘volgi
769 2069 836 2126 pars
858 2049 961 2109 ultima
982 2048 1083 2122 nostri,

275 2163 400 2220 quorum
421 2163 511 2204 nemo
532 2157 621 2221 queat
642 2146 768 2221 patriam
791 2157 955 2206 monstrare
974 2145 1113 2222 parentis,
1240 2167 1270 2218 45

275 2253 319 2301 ast
340 2260 395 2317 ego
417 2241 618 2319 Cecropides’
659 2244 739 2302 vivas
761 2253 790 2303 et
811 2242 931 2320 originis
952 2241 1038 2301 huius

274 2342 383 2416 gaudia
403 2342 492 2417 longa
513 2342 597 2400 seras.
641 2353 740 2400 tamen
761 2341 821 2400 ima
842 2342 931 2416 plebe
951 2339 1097 2415 Quiritem

276 2438 437 2497 facundum
458 2437 599 2509 invenies,
622 2440 699 2497 solet
719 2436 768 2496 hic
788 2438 948 2497 defendere
968 2456 1071 2495 causas

276 2533 383 2595 nobilis
404 2533 517 2595 indocti
527 2553 536 2606 ;
565 2535 664 2595 veniet
685 2537 724 2595 de
744 2534 833 2611 plebe
855 2545 955 2611 togata

276 2634 327 2710 qui
347 2633 417 2692 iuris
438 2634 536 2693 nodos
557 2646 586 2693 et
608 2636 707 2711 legum
728 2633 898 2710 aenigmata
918 2634 1011 2693 solvat
1020 2655 1030 2707 ;
1241 2655 1273 2708 50

276 2730 324 2789 hic
344 2730 420 2806 petit
442 2732 614 2807 Euphraten
636 2732 750 2792 iuvenis
771 2730 935 2809 domitique
957 2730 1062 2791 Batavi

276 2829 414 2887 custodes
435 2828 550 2905 aquilas
571 2829 659 2890 armis
681 2829 851 2890 industrius.
894 2840 924 2889 at
945 2841 978 2889 tu

276 2923 318 2982 nil
338 2923 395 2984 nisi
416 2924 607 3001 Cecropides,
630 2937 795 3003 truncoque
816 2924 979 2985 simillimus
1002 2928 1141 2986 Hermae.

277 3023 358 3080 nullo
379 3021 490 3098 quippe
510 3022 570 3084 alio
591 3023 684 3083 vincis
705 3023 876 3084 discrimine
896 3043 986 3098 quam
1007 3023 1088 3099 quod

275 3117 317 3177 illi
339 3137 535 3179 marmoreum
558 3130 649 3195 caput
670 3129 723 3191 est,
747 3131 798 3179 tua
818 3118 890 3178 vivit
911 3118 1018 3195 imago.

276 3213 326 3273 dic
345 3213 426 3285 mihi,
449 3216 634 3275 Teucrorum
656 3217 763 3290 proles,
786 3213 926 3272 animalia
946 3226 1028 3273 muta

276 3313 343 3390 quis
363 3333 507 3391 generosa
527 3324 612 3390 putet
634 3312 688 3372 nisi
712 3314 805 3372 fortia
848 3331 957 3387 nempe
978 3314 1127 3372 volucrem

276 3411 318 3470 sic
338 3413 494 3471 laudamus
516 3429 634 3485 equum,
657 3408 735 3469 facili
757 3409 804 3468 cui
825 3408 952 3485 plurima
972 3411 1072 3485 palma

357 3617 387 3678 38
420 3614 456 3663 sic
467 3614 578 3662 Iuniam:
595 3614 617 3662 si
627 3614 664 3662 P:
682 3613 746 3662 sisu
862 3627 889 3676 51
925 3613 978 3675 hic]
993 3614 1053 3662 hinc
1070 3615 1186 3663 Weidner
