2992 4134
287 361 323 421 18
682 369 882 420 IVVENALIS

281 531 459 595 aequantem
481 539 552 579 sane
573 517 693 596 paribus
714 518 848 578 sestertia
868 519 957 589 libris,

282 630 313 677 ut
334 617 492 694 perhibent
512 616 563 695 qui
585 619 623 678 de
644 619 760 694 magnis
781 619 893 677 maiora
913 620 1081 694 loquuntur.

282 715 438 775 consilium
459 715 550 776 laudo
571 713 698 787 artificis,
721 716 746 776 si
767 736 890 776 munere
913 727 996 777 tanto

281 813 469 891 praecipuam
491 811 522 871 in
543 812 652 872 tabulis
672 832 771 873 ceram
793 813 872 874 senis
893 814 1013 873 abstulit
1034 814 1098 874 orbi
1107 835 1117 888 5

282 921 327 970 est
346 909 421 970 ratio
441 909 570 982 ulterior,
592 929 717 987 magnae
739 912 763 969 si
786 911 864 971 misit
886 910 1006 982 amicae,

282 1027 360 1084 quae
380 1006 496 1068 vehitur
516 1010 599 1068 cluso
620 1008 687 1068 latis
708 1008 911 1085 specularibus
932 1020 1025 1068 antro.

282 1104 323 1163 nil
344 1107 404 1164 tale
424 1118 581 1181 expectes:
614 1105 685 1165 emit
706 1105 770 1166 sibi.
814 1108 909 1165 multa
929 1106 1064 1167 videmus

282 1220 359 1278 quae
379 1201 468 1262 miser
488 1213 519 1262 et
538 1202 613 1280 frugi
634 1223 695 1263 non
716 1202 788 1262 fecit
810 1202 939 1279 Apicius.
983 1205 1041 1263 hoc
1061 1214 1093 1264 tu

283 1297 451 1359 succinctus
470 1297 566 1375 patria
587 1300 748 1374 quondam,
772 1297 918 1375 Crispine‚
940 1301 1074 1375 papyro?

282 1396 341 1456 hoc
361 1395 456 1473 pretio
477 1399 640 1474 squamae?
680 1395 778 1472 potuit
798 1397 920 1458 sortasse
941 1396 1063 1457 minoris

283 1493 412 1570 piscator
433 1515 523 1572 quarn
544 1495 634 1572 piscis
655 1494 732 1571 emi3
760 1494 913 1572 provincia
934 1494 1008 1556 tanti

282 1590 386 1653 vendit
406 1613 499 1670 agros,
522 1595 576 1654 sed
597 1593 723 1653 maiores
744 1593 854 1670 Apulia
874 1592 984 1655 vendit.

284 1689 377 1766 qualis
398 1701 470 1751 tunc
490 1693 593 1768 epulas
614 1690 712 1768 ipsum
733 1690 867 1768 gluttisse
888 1702 1029 1769 putamus

283 1787 531 1866 induperatorem,
554 1809 623 1848 cum
644 1801 689 1849 tot
710 1790 851 1863 sestertia,
874 1802 989 1866 partem

284 1887 418 1963 exiguam
440 1897 470 1946 et
490 1886 626 1947 modicae
648 1898 799 1964 sumptam
821 1889 860 1948 de
881 1888 1012 1966 margine
1033 1907 1134 1959 cenae,

283 2001 447 2059 purpureus
468 1986 568 2060 magni
588 1983 708 2043 ructarit
729 2004 827 2044 scurra
851 1985 952 2058 Palati,

284 2080 342 2139 iarn
364 2081 502 2158 princeps
524 2081 665 2157 equiturn,
688 2102 796 2158 magna
816 2081 868 2159 qui
888 2104 964 2144 voce
984 2086 1100 2144 solebat

284 2179 412 2238 vendere
434 2178 599 2255 municipes
620 2179 712 2238 fracta
733 2181 772 2240 de
793 2199 891 2240 merce
912 2180 1023 2240 siluros.

283 2273 390 2351 incipe,
414 2274 556 2352 Calliope.
601 2274 670 2335 licet
691 2274 739 2334 hic
761 2277 924 2351 considere,
946 2297 1008 2337 non
1030 2287 1074 2338 est

283 2373 473 2446 cantandum,
496 2391 542 2432 res
561 2391 631 2432 vera
651 2371 753 2448 agitur.
797 2385 919 2448 narrate,
942 2376 1058 2452 puellae

284 2467 422 2530 Pierides.
466 2469 558 2547 prosit
579 2468 652 2528 mihi
672 2490 725 2530 vos
747 2470 856 2532 dixisse
877 2474 998 2548 puellas.

324 2586 393 2625 cum
414 2566 472 2626 iarn
494 2567 701 2627 semianimum
722 2569 863 2630 laceraret
885 2570 1004 2630 Flavius
1024 2570 1126 2629 orbern

283 2654 405 2723 ultimus
426 2674 456 2723 et
476 2666 561 2723 calvo
583 2663 703 2724 serviret
724 2665 824 2724 Roma
846 2665 967 2737 Neroni,

284 2759 387 2820 incidit
407 2760 528 2820 Adriaci
549 2761 677 2836 spatium
699 2761 873 2822 admirabile
894 2760 1011 2821 rhombi

282 2871 352 2920 ante
374 2861 496 2919 domum
518 2858 651 2933 Veneris,
674 2878 765 2935 quarn
788 2860 898 2920 Dorica
919 2859 1042 2919 sustinet
1064 2861 1179 2932 Ancon,
1249 2884 1282 2932 40

283 2956 474 3034 implevitque
494 2955 593 3029 sinus;
621 2976 677 3015 nec
699 2956 778 3015 enim
800 2957 897 3016 minor
917 2957 1050 3016 haeserat
1070 2956 1126 3014 illis

282 3075 358 3132 quos
379 3053 475 3130 operit
495 3052 604 3131 glacies
626 3053 777 3113 Maeotica
797 3065 943 3130 ruptaque
964 3056 1086 3113 tandem

283 3153 394 3213 solibus
415 3151 540 3212 effundit
560 3151 696 3212 torrentis
716 3152 755 3210 ad
777 3151 852 3211 ostia
874 3151 961 3210 Ponti

282 3250 396 3310 desidia
417 3251 516 3308 tardos
537 3261 567 3310 et
587 3251 678 3326 longo
698 3248 804 3326 frigore
825 3247 959 3325 pingues.

282 3349 410 3408 destinat
431 3348 489 3406 hoc
510 3358 675 3407 monstrum
698 3351 824 3406 cumbae
846 3345 957 3422 linique
980 3346 1117 3425 magister
1248 3366 1280 3419 45

332 3565 361 3616 25
395 3552 475 3617 pretio
487 3555 639 3618 squameP:
656 3554 765 3618 pretium
777 3571 879 3619 squame
887 3563 926 3619 pu
1014 3570 1044 3619 33
1077 3554 1196 3618 fractap:
1215 3553 1281 3605 facta

283 3637 346 3686 PT:
358 3635 465 3700 perhaps
478 3635 567 3683 Pharia
671 3651 702 3700 43
736 3638 853 3687 torrentis
864 3640 891 3687 P
897 3654 904 3687 r
922 3637 1042 3701 torpentis
1048 3644 1089 3701 po
