2992 4134
254 351 311 411 108
650 359 850 410 IVVENALIS

248 511 326 570 adde
347 512 429 587 quod
450 521 480 570 et
500 508 593 570 facilis
615 509 739 570 victoria
760 511 800 570 de
821 509 948 571 madidis
970 521 1001 570 et

248 606 355 667 blaesis
376 618 466 684 atque
487 626 570 667 mero
591 606 797 668 titubantibus
841 595 913 668 inde
933 607 1064 668 virorum

249 706 370 764 saltatus
391 705 474 782 nigro
495 702 627 780 tibicine,
652 704 881 782 qualiacumque

250 814 401 880 unguenta
422 814 452 863 et
472 803 558 862 flores
579 804 751 880 multaeque
771 801 803 862 in
823 805 922 863 fronte
942 822 1091 865 coronae:

250 902 320 961 hinc
341 901 473 962 ieiunum
495 900 607 961 odium.
651 902 705 961 sed
725 900 820 979 iurgia
841 901 937 978 prima
958 921 1064 962 sonare

250 999 404 1077 incipiunt,
427 999 533 1059 animis
554 1000 727 1059 ardentibus
749 1000 824 1060 haec
845 1000 917 1060 tuba
936 999 1021 1060 rixae.

250 1097 320 1157 dein
342 1100 470 1158 clamore
491 1097 554 1174 pari
575 1098 767 1171 concurritur,
791 1109 820 1157 et
841 1097 906 1158 vice
927 1096 978 1158 teli

251 1196 343 1256 saevit
364 1197 446 1255 nuda
466 1214 580 1255 manus.
623 1215 738 1270 paucae
760 1194 824 1256 sine
843 1198 965 1257 vulnere
986 1197 1089 1266 malae,

250 1291 298 1351 vix
319 1292 458 1368 cuiquam
479 1303 531 1352 aut
551 1291 624 1352 nulli
646 1302 710 1353 toto
731 1292 892 1353 certamine
913 1312 1002 1354 nasus

251 1391 371 1467 integer.
415 1389 561 1467 aspiceres
582 1389 640 1449 iam
662 1400 772 1449 cuncta
791 1410 845 1466 per
864 1390 982 1468 agmina
1002 1391 1100 1450 vultus
1192 1453 1196 1460 ,

252 1487 399 1560 dimidios,
421 1488 493 1546 alias
514 1486 603 1547 facies
625 1498 655 1546 et
676 1487 787 1546 hiantia
807 1486 900 1564 ruptis

252 1604 320 1644 ossa
340 1584 431 1662 genis,
454 1587 559 1662 plenos
580 1588 735 1645 oculorum
758 1585 902 1662 sanguine
922 1604 1045 1663 pugnos.

252 1684 353 1743 ludere
374 1703 407 1744 se
427 1684 551 1743 credunt
572 1681 628 1759 ipsi
650 1693 750 1741 tamen
772 1693 801 1743 et
822 1681 939 1759 puerilis

252 1799 386 1840 exercere
407 1779 494 1854 acies,
516 1780 599 1856 quod
619 1780 701 1838 nulla
721 1781 868 1841 cadavera
888 1781 1010 1840 calcent.

252 1890 281 1937 et
304 1898 375 1938 sane
396 1897 456 1953 quo
478 1888 522 1938 tot
543 1876 663 1936 rixantis
685 1878 767 1936 milia
788 1881 900 1951 turbae,

254 1974 277 2033 si
298 1974 399 2033 vivunt
421 1977 548 2034 omnes?
575 1993 644 2050 ergo
666 1977 761 2035 acrior
782 1976 918 2052 impetus,
943 1976 1053 2037 etiam

253 2092 323 2131 saxa
344 2071 493 2130 inclinatis
514 2090 566 2147 per
585 2072 709 2131 humum
731 2075 865 2150 quaesita
886 2073 1000 2135 lacertis

253 2168 398 2244 incipiunt
420 2179 566 2242 torquere,
590 2170 754 2229 domestica
776 2170 914 2231 seditioni

255 2269 322 2340 tela,
343 2286 400 2326 nec
420 2268 502 2325 hunc
522 2266 662 2344 lapidem,
686 2269 780 2345 qualis
802 2282 832 2331 et
853 2274 972 2330 Turnus
993 2282 1022 2330 et
1044 2270 1128 2345 Aiax,

255 2366 301 2423 vel
323 2383 383 2440 quo
404 2363 538 2441 Tydides
559 2365 703 2441 percussit
724 2369 858 2444 pondere
879 2387 984 2427 coxam

257 2464 385 2534 Aeneae,
408 2465 462 2522 sed
483 2482 574 2538 quem
594 2466 712 2524 valeant
733 2464 868 2526 emittere
889 2467 1008 2526 dextrae

255 2558 312 2617 illis
334 2558 492 2620 dissimiles
513 2572 543 2621 et
564 2574 665 2624 nostro
687 2575 824 2640 tempore
843 2576 938 2625 natae.

256 2680 326 2719 nam
346 2679 440 2736 genus
461 2663 520 2720 hoc
541 2661 609 2722 vivo
630 2665 689 2722 iarn
710 2664 902 2725 decrescebat
924 2668 1069 2740 Homem,

257 2772 333 2819 terra
353 2762 449 2818 malos
470 2760 606 2820 homines
628 2783 708 2821 nunc
729 2765 837 2822 educat
858 2774 948 2838 atque
970 2765 1111 2840 pusillos3

258 2879 328 2937 ergo
349 2859 423 2918 deus
445 2857 626 2935 quicumque
647 2858 773 2935 aspexit,
795 2861 871 2920 ridet
893 2873 922 2920 et
943 2862 1015 2923 odit.

258 2979 276 3016 a
295 2956 477 3018 deverticulo
498 2966 648 3032 repetatur
667 2957 772 3015 fabula.
818 2969 977 3034 postquam

258 3053 396 3114 subsidiis
417 3052 505 3125 aucti,
527 3072 595 3130 pars
616 3054 707 3112 altera
728 3073 863 3129 promere
884 3058 990 3115 ferrum

259 3153 349 3212 audet
370 3162 399 3212 et
420 3149 533 3211 infestis
554 3170 682 3228 pugnam
706 3150 868 3212 instaurare
889 3154 1008 3229 sagittis.

259 3261 340 3326 terga
360 3250 446 3324 fugae
467 3247 554 3308 celeri
575 3257 733 3324 praestant,
757 3247 935 3308 instantibus
957 3251 1072 3323 Ombis,
1230 3275 1261 3330 75

311 3480 339 3531 75
374 3468 448 3531 fugae
459 3469 570 3518 celeriP
577 3488 584 3520 ε
601 3471 660 3533 fuga
671 3469 757 3520 sceleri
764 3477 786 3534 p
875 3479 1000 3536 praestant
1012 3473 1159 3525 instantibus
1171 3477 1262 3527 Ombis

256 3552 374 3600 Merces:
394 3558 524 3616 praestant
545 3551 595 3614 (the
612 3559 662 3602 rest
675 3554 770 3614 crased)
783 3555 823 3603 P:
847 3562 971 3618 praestant
985 3555 1132 3605 instantibus
1147 3559 1219 3606 orbes
1233 3576 1263 3608 or

242 3648 366 3685 omnesat

939 3816 965 3842 A
