2992 4134
264 336 304 397 88
662 345 864 395 1vvaunms

263 492 429 571 quaesitum
451 503 482 553 et
502 503 604 569 partos
624 491 724 570 gladio
744 493 793 552 vel
813 491 921 569 pyxide
941 493 1104 552 nummos?

262 590 319 651 rari
339 589 451 668 quippe
472 590 565 650 boni:
594 610 727 662 numera,
750 589 799 649 vix
820 601 889 650 sunt
911 589 1036 651 totidem
1056 599 1131 667 quot

263 690 434 750 Thebarum
454 700 558 766 portae
578 690 626 749 vel
646 687 747 748 divitis
767 689 844 747 ostia
865 685 935 746 Nili.

264 794 344 847 nun'c
365 799 446 847 aetas
466 785 560 865 agitur
573 785 743 870 peioraque
765 785 884 844 saecula
904 785 970 845 ferri

265 883 456 960 temporibus,
478 902 605 959 quorum
627 879 729 942 sceleri
751 900 812 940 non
833 879 946 941 invenit
966 879 1031 958 ipsa

264 999 375 1040 nomen
396 990 426 1040 et
446 1000 465 1038 a
485 980 568 1038 nullo
588 977 688 1055 posuit
709 988 816 1037 natura
837 978 965 1037 metallo.

266 1098 320 1138 nos
341 1077 496 1136 hominum
518 1076 679 1152 divumque
700 1077 792 1135 fidem
813 1077 943 1136 clamore
963 1075 1085 1149 ciemus,

265 1185 379 1253 quanto
401 1174 571 1235 Faesidium
593 1175 694 1234 laudat
713 1172 825 1234 vocalis
846 1183 983 1251 agentem

266 1274 419 1349 sportula?
446 1271 505 1345 dic,
527 1270 625 1331 senior
644 1272 727 1330 bulla
747 1268 928 1348 dignissime,
951 1268 1047 1328 nescis

266 1387 339 1443 quas
359 1369 468 1429 habeat
488 1385 611 1427 veneres
631 1365 727 1427 aliena
747 1364 896 1443 pecunia?
924 1364 1020 1424 nescis

266 1485 355 1542 quem
377 1475 427 1525 tua
448 1462 618 1541 simplicitas
639 1462 728 1524 risum
748 1465 839 1541 vulgo
860 1472 987 1536 moveat,
1010 1481 1079 1521 cum

266 1561 356 1641 exigis
376 1582 394 1621 a
414 1581 564 1639 quoquam
586 1582 624 1622 ne
645 1561 758 1638 peieret
779 1573 809 1621 et
829 1571 914 1636 putet
934 1557 1000 1618 ullis

266 1679 331 1720 esse
351 1658 472 1735 aliquod
493 1678 603 1719 numen
625 1658 743 1736 templis
764 1676 892 1734 araeque
913 1654 1052 1717 rubenti?

266 1758 418 1834 quondam
439 1758 498 1817 hoc
517 1755 676 1835 indigenae
696 1756 835 1817 vivebant
856 1773 946 1828 more,
968 1752 1141 1830 priusquam

267 1865 396 1913 sumeret
415 1865 560 1930 agrestem
581 1853 679 1929 posito
700 1852 870 1913 diademate
890 1853 998 1912 falcem

266 1953 408 2010 Saturnus
429 1951 552 2028 fugiens,
576 1960 649 2010 tunc
669 1938 738 2011 curn
760 1950 933 2027 virguncula
953 1953 1033 2010 Iuno

267 2057 296 2105 et
316 2046 445 2123 privatus
466 2047 564 2105 adhuc
586 2046 684 2107 Idaeis
706 2047 840 2124 Iuppiter
860 2047 961 2119 antris,

267 2145 347 2203 nulla
367 2163 456 2220 super
476 2146 570 2204 nubes
591 2141 727 2202 convivia
747 2144 954 2204 caelicolamm

268 2261 323 2301 nec
343 2260 417 2317 puer
438 2242 547 2301 Iliacus
567 2241 719 2300 formonsa
739 2259 795 2300 nec
817 2241 958 2302 Herculis
978 2262 1053 2301 uxor

267 2341 306 2400 ad
327 2340 457 2416 cyathos,
480 2350 510 2398 et
531 2338 590 2397 iam
611 2337 723 2398 siccato
745 2350 864 2399 nectare
884 2350 1001 2415 tergens

267 2438 405 2498 bracchia
424 2439 576 2498 Vulcanus
598 2436 743 2515 Liparaea
763 2436 845 2514 nigra
865 2440 1005 2497 taberna:

267 2538 433 2614 prandebat
455 2537 510 2596 sibi
531 2536 657 2613 quisque
678 2539 763 2610 deus,
785 2555 841 2596 nec
861 2536 948 2596 turba
969 2536 1092 2595 deorum

268 2633 334 2694 talis
353 2643 387 2693 ut
407 2644 452 2693 est
472 2634 571 2707 hodie,
594 2643 796 2709 contentaque
817 2631 914 2692 sidera
934 2631 1037 2708 paucis

268 2728 439 2789 numinibus
460 2728 598 2789 miserum
620 2731 786 2805 urguebant
808 2729 928 2788 Atlanta
949 2726 1056 2787 minori

267 2829 417 2904 pondere:
445 2828 580 2886 nondum
601 2825 707 2900 aliquis
729 2823 848 2884 sortitus
870 2823 949 2884 triste
970 2823 1110 2900 profundi

268 2925 423 3002 imperium
444 2935 494 2983 aut
515 2923 613 2983 Sicula
634 2934 733 2983 torvus
755 2942 823 2982 cum
845 2924 971 2999 coniuge
993 2923 1112 2994 Pluton,

268 3043 324 3084 nec
344 3034 408 3082 rota
428 3042 484 3081 nec
506 3021 612 3081 Furiae
634 3040 690 3081 nec
711 3040 814 3080 saxum
836 3032 888 3080 aut
908 3020 1030 3080 vulturis
1051 3021 1105 3080 atri

268 3140 375 3198 poena,
397 3122 451 3181 sed
471 3117 591 3179 infernis
612 3117 718 3178 hilares
740 3118 804 3180 sine
825 3119 942 3196 regibus
964 3121 1092 3178 umbrae.

267 3217 431 3295 inprobitas
451 3215 503 3276 illo
523 3214 577 3276 suit
597 3215 779 3277 admirabilis
800 3237 884 3290 aevo,

268 3318 430 3379 credebant
449 3335 511 3391 quo
531 3316 642 3393 grande
663 3316 745 3374 nefas
767 3327 797 3375 et
818 3325 913 3376 morte
933 3314 1074 3392 piandum

268 3415 293 3476 si
312 3412 426 3475 iuvenis
447 3414 548 3473 vetulo
569 3431 631 3472 non
652 3413 854 3472 adsurrexerat
875 3423 904 3471 et
925 3411 949 3470 si

347 3617 390 3692 ,26
418 3633 526 3668 numera
537 3619 579 3671 l':
597 3633 702 3669 numero
710 3623 749 3684 pto
864 3617 896 3665 ab
927 3615 1043 3664 nuucP:
1058 3622 1173 3686 nouapo
