2992 4134
237 402 239 405 .
285 346 325 410 32
682 347 880 396 IVVENALIS

284 489 309 549 si
329 508 429 549 verum
451 489 590 563 excutias,
612 491 711 565 facies,
733 512 794 551 non
816 512 889 552 uxor
909 504 1031 552 amatur.

285 597 342 646 tres
362 606 451 664 rugae
472 590 598 663 subeant
619 599 649 647 et
670 608 702 648 se
723 589 799 649 cutis
819 590 901 650 arida
921 591 1008 661 laxet,

286 685 357 742 fiant
378 683 495 744 obscuri
515 685 620 744 dentes
642 686 779 763 oculique
800 687 946 747 minores:

288 781 409 857 ‘collige
429 781 604 841 sarcinulas’
625 782 704 843 dicet
725 784 846 844 libertus
869 791 915 843 ‘et
935 785 989 843 exi.

286 878 344 938 iam
365 879 459 955 gravis
480 898 511 938 es
533 879 619 940 nobis
640 893 669 941 et
691 901 781 958 saepe
803 884 977 957 emungeris.
1020 881 1066 942 exi

287 975 369 1035 ocius
389 988 419 1036 et
439 997 572 1054 propera.
615 977 696 1038 sicco
716 978 797 1038 venit
817 982 908 1039 altera
929 983 1020 1039 naso!

286 1072 399 1134 interea
418 1077 495 1134 calet
515 1085 545 1134 et
565 1086 668 1151 regnat
688 1074 843 1152 poscitque
864 1077 1000 1136 maritum

287 1182 419 1246 pastores
440 1183 470 1232 et
491 1191 576 1232 ovem
598 1173 779 1235 Canusinam
800 1175 956 1250 ulmosque
978 1175 1156 1234 Falernas-

288 1270 463 1344 quantulum
484 1269 514 1328 in
535 1271 764 1348 hocP-pueros
785 1290 898 1346 omnes,
921 1273 1065 1349 ergastula
1086 1283 1156 1344 tota,

288 1367 428 1442 quodque
449 1367 532 1427 domi
553 1387 613 1426 non
635 1379 687 1440 est,
709 1370 761 1429 sed
783 1370 872 1429 habet
893 1368 1015 1442 vicinus,
1038 1379 1158 1428 ematur.

288 1483 390 1524 mense
411 1464 531 1540 quidem
553 1468 683 1535 brumae,
706 1465 845 1542 quoiam
867 1477 1012 1526 mercator
1033 1468 1102 1526 Iaso

288 1563 414 1630 clausus,
435 1574 465 1622 et
485 1562 604 1622 armatis
626 1573 724 1639 opstat
745 1583 814 1623 casa
834 1563 963 1623 candida
983 1563 1087 1638 nautiS,

288 1660 412 1736 grandia
432 1663 576 1720 tolluntur
596 1659 770 1737 crystallina,
793 1661 921 1720 maxima
942 1681 1039 1721 rursus

290 1757 444 1834 myrrhina,
467 1759 576 1819 deinde
596 1760 739 1818 adamans
760 1757 930 1819 notissimus
951 1769 981 1817 et
1004 1759 1158 1818 Berenices

289 1853 320 1912 in
341 1854 433 1930 digito
454 1857 549 1914 sactus
569 1853 730 1932 pretiosior.
774 1856 853 1914 hunc
874 1854 957 1915 dedit
978 1855 1049 1915 olim

291 1953 430 2011 barbarus
451 1952 590 2022 incestae,
612 1952 696 2012 dedit
715 1953 796 2010 hunc
817 1951 947 2028 Agrippa
968 1952 1067 2025 sorori,

290 2048 448 2108 observant
469 2049 521 2108 ubi
542 2050 616 2108 festa
636 2067 717 2107 mero
738 2051 815 2125 pede
837 2051 960 2108 sabbata
980 2069 1062 2124 reges

289 2155 319 2203 et
340 2155 424 2202 vetus
445 2143 578 2220 indulget
598 2142 718 2202 senibus
739 2142 896 2203 clementia
918 2145 1022 2219 porcis.

332 2241 467 2299 ‘nullane
489 2241 527 2300 de
548 2239 637 2299 tantis
657 2240 793 2317 gregibus
815 2239 868 2300 tibi
889 2240 978 2316 digna
999 2240 1149 2300 videturr’

291 2335 327 2395 sit
347 2338 477 2396 formosa
497 2338 607 2396 decens
628 2336 710 2397 dives
731 2338 866 2413 fecunda,
891 2348 1022 2398 vetustos

291 2434 452 2508 porticibus
473 2433 612 2509 disponat
632 2453 712 2506 avos,
734 2435 872 2495 intactior
893 2434 974 2494 omni

290 2530 419 2590 crinibus
440 2530 539 2591 effusis
559 2532 670 2591 bellum
692 2529 848 2591 dirimente
868 2531 986 2602 Sabina,

291 2648 353 2686 rara
373 2627 436 2687 avis
455 2628 487 2687 in
508 2628 589 2687 terris
610 2627 753 2704 nigroque
774 2627 922 2687 simillima
942 2647 1055 2704 cycno:

291 2723 355 2800 quis
376 2726 449 2784 feret
469 2742 591 2784 uxorem
612 2722 661 2784 cui
681 2735 818 2783 constant
839 2724 963 2789 omnia?
986 2725 1074 2794 malo,

291 2823 369 2881 malo
390 2822 586 2882 Venustinam
608 2840 695 2897 quam
716 2831 755 2893 te,
778 2821 924 2895 Cornelia,
946 2833 1041 2880 mater

291 2921 501 2994 Gracchorum,
524 2919 548 2979 si
569 2939 637 2979 curn
659 2919 773 2996 magnis
794 2918 950 2979 virtutibus
971 2920 1068 2979 adfers

290 3019 402 3093 grande
423 3016 607 3094 supercilium
630 3029 659 3076 et
680 3037 816 3076 numeras
837 3016 866 3076 iu
888 3018 959 3076 dote
980 3015 1153 3091 triumphos.

292 3117 362 3175 tolle
382 3125 474 3188 tuum,
496 3135 608 3192 precor,
632 3115 837 3174 Hannibalem
858 3115 1028 3190 victumque
1050 3114 1215 3190 Syphacem
1239 3131 1285 3183 170

291 3211 322 3272 in
343 3213 444 3273 castris
465 3225 495 3273 et
516 3233 583 3272 cum
605 3223 669 3272 tota
690 3211 869 3287 Carthagine
890 3211 989 3286 migra.

293 3316 405 3387 ‘parce
428 3330 538 3389 precor,
561 3314 669 3384 Paean,
692 3320 722 3369 et
742 3320 784 3382 tu,
806 3308 871 3380 dea,
893 3326 973 3384 pone
995 3307 1133 3385 sagittas;

342 3523 387 3576 159
414 3524 482 3557 mero
489 3517 541 3572 po:
557 3508 662 3557 nudoP
726 3504 771 3568 167
799 3503 961 3554 Venustinam
971 3504 1067 3582 Brtcba
1080 3504 1232 3552 Venusinam
1243 3504 1286 3552 Pu

295 3606 337 3654 ¹72
371 3590 418 3639 dea
429 3606 496 3654 pone
510 3591 644 3640 Graevius:
661 3589 760 3652 depone
772 3589 814 3636 Po
