2992 4134
535 365 646 414 LIBER
668 364 736 414 1111.
759 362 904 414 SATVRA
927 363 990 412 XII.
1223 351 1262 428 85

261 511 412 591 accipiunt
433 510 525 590 fragili
545 509 702 571 simulacra
722 509 848 569 nitentia
869 528 943 568 cera

261 609 312 669 hic
333 621 467 669 nostmm
487 609 614 686 placabo
635 610 740 667 Iovem
762 606 947 683 Laribusque
967 607 1098 683 paternis

260 721 328 768 tura
348 709 428 767 dabo
449 716 538 783 atque
558 703 657 766 omnis
677 703 774 763 violae
794 703 914 764 iactabo
934 706 1057 765 colores.
1229 730 1263 778 90

260 817 371 865 cuncta
391 804 495 876 nitent,
516 805 622 880 longos
642 800 734 862 erexit
754 801 843 860 ianua
862 821 960 862 ramos

261 913 292 962 et
314 900 465 962 matutinis
485 910 622 978 operatur
642 900 717 959 festa
737 897 874 958 lucernis.

261 1018 319 1059 nec
339 1009 478 1076 suspecta
499 997 551 1058 tibi
572 997 631 1057 sint
650 998 734 1068 haec,
758 995 894 1058 Corvine.
937 998 1073 1059 Catullus

261 1117 317 1174 pro
338 1097 422 1157 cuius
443 1096 541 1171 reditu
561 1108 606 1158 tot
626 1115 709 1174 pono
730 1096 842 1168 altaria,
864 1116 971 1174 parvos

260 1208 320 1255 tres
340 1195 431 1255 habet
452 1196 585 1255 heredes.
628 1193 701 1254 libet
722 1205 879 1271 expectare
899 1195 966 1272 quis
986 1216 1103 1275 aegram
1228 1221 1259 1274 95

261 1302 291 1351 et
312 1292 501 1352 claudentem
522 1293 626 1352 oculos
646 1290 788 1369 gallinam
809 1291 954 1368 inpendat
974 1294 1072 1356 amico

260 1402 323 1449 tam
344 1389 442 1462 sterili,
464 1408 569 1450 verum
586 1391 662 1450 haec
682 1387 776 1448 nimia
795 1399 841 1450 est
861 1389 995 1468 inpensa,
1017 1393 1151 1453 coturnix

260 1489 343 1547 nulla
362 1507 502 1564 umquam
524 1506 578 1565 pro
598 1498 680 1564 patre
701 1487 795 1547 carlet
839 1488 948 1549 sentire
968 1492 1097 1551 calorem

259 1585 284 1647 si
305 1585 403 1664 coepit
423 1587 557 1663 locuples
578 1586 701 1646 Gallitta
721 1596 752 1645 et
773 1585 887 1659 Pacius,
910 1586 974 1646 orbi

258 1686 388 1765 legitime
408 1686 473 1746 fixis
494 1685 616 1748 vestitur
636 1696 700 1746 tota
719 1685 827 1746 libellis

257 1785 398 1862 porticus,
421 1785 550 1846 existunt
571 1784 623 1863 qui
643 1785 819 1862 promittant
839 1785 1046 1859 hecatomben,

257 1895 406 1958 quatenus
426 1881 475 1942 hic
495 1901 558 1942 non
578 1893 648 1942 sunt
668 1901 725 1942 nec
745 1883 866 1942 venales
887 1884 1045 1960 elephanti,

257 1999 315 2040 nec
336 1978 423 2040 Latio
443 1991 494 2040 aut
513 1999 641 2057 usquam
662 1981 718 2040 sub
738 1989 842 2039 nostro
862 1979 959 2041 sidere
978 1981 1045 2042 talis

258 2079 347 2137 belua
367 2076 539 2155 concipitur,
563 2077 617 2137 sed
637 2077 719 2136 furva
739 2087 829 2153 gente
848 2076 942 2153 petita

256 2172 410 2232 arboribus
431 2171 551 2233 Rutulis
572 2184 602 2234 et
622 2172 715 2232 Turni
736 2171 866 2249 pascitur
886 2192 965 2251 agro,

256 2271 392 2330 Caesaris
412 2281 579 2331 armentum
599 2272 671 2330 nulli
693 2269 800 2330 servire
822 2282 953 2347 paratum

255 2367 380 2444 privato,
402 2366 549 2444 siquidem
570 2368 662 2446 Tyrio
680 2387 784 2444 parere
804 2368 940 2428 solebant

257 2463 422 2524 Hannibali
443 2476 473 2525 et
493 2462 602 2524 nostris
622 2464 747 2525 ducibus
768 2464 889 2541 regique
911 2467 1045 2526 Molosso

255 2562 361 2620 horum
383 2561 508 2623 maiores
529 2582 566 2622 ac
586 2563 675 2624 dorso
696 2565 770 2623 serre
790 2563 929 2634 cohortis,

254 2671 370 2736 partem
390 2660 521 2738 aliquam
543 2661 613 2722 belli
634 2673 664 2722 et
684 2674 806 2722 euntem
826 2663 857 2722 in
878 2663 991 2741 proelia
1012 2676 1129 2726 turrem.
1210 2692 1254 2729 110

254 2759 336 2829 nulla
356 2758 443 2836 igitur
463 2780 546 2821 mora
566 2780 620 2836 per
641 2760 781 2834 Novium,
803 2781 887 2822 mora
908 2766 989 2824 nulla
1008 2785 1061 2842 per
1084 2767 1219 2828 Histrum

255 2855 426 2930 Pacuvium,
448 2856 520 2933 quin
541 2856 616 2916 illud
636 2857 709 2917 ebur
730 2859 855 2918 ducatur
875 2861 913 2919 ad
935 2880 999 2920 aras

253 2963 283 3011 et
304 2954 393 3012 cadat
412 2964 482 3013 ante
504 2955 594 3013 Lares
616 2954 756 3014 Gallittae
777 2955 897 3015 victima
918 2959 982 3016 sola

254 3049 342 3110 tantis
364 3049 454 3128 digna
474 3049 539 3111 deis
560 3063 590 3111 et
610 3051 812 3129 captatoribus
834 3054 947 3112 horum.

253 3148 326 3206 alter
347 3147 437 3219 enim,
459 3146 483 3206 si
504 3150 663 3222 concedas,
686 3160 815 3210 mactare
835 3151 956 3210 vovebit
1208 3179 1251 3230 115

252 3245 291 3303 de
311 3264 398 3322 grege
419 3264 570 3305 servorum
592 3266 699 3324 magna
719 3258 770 3307 aut
791 3247 989 3323 pulcherrima
1009 3269 1145 3327 quaeque

251 3361 385 3418 corpora,
407 3345 454 3404 vel
475 3344 575 3422 pueris
596 3356 626 3406 et
646 3345 793 3407 frontibus
815 3347 987 3408 ancillarum

250 3439 375 3517 inponet
396 3440 492 3513 vittas,
515 3452 545 3502 et
567 3442 651 3519 siqua
671 3455 715 3504 est
737 3444 846 3504 nubilis
866 3444 908 3504 illi

253 3665 299 3701 rro
331 3647 392 3699 belli
404 3649 440 3709 et]
457 3647 567 3714 bellique
578 3655 631 3712 etp
787 3650 831 3701 116
864 3659 909 3704 aut
922 3669 984 3704 sonte
996 3670 1078 3705 mssa.
1090 3656 1157 3704 ul>
