2992 4134
253 328 293 405 56
650 337 851 388 rvvsunnrs

251 487 341 545 fervet
363 498 392 546 et
413 487 525 546 exultat
545 503 636 545 rauco
657 485 781 545 victoria
801 487 899 561 circo,

250 582 358 641 nobilis
379 582 436 656 hic,
459 601 649 658 quocumque
668 581 752 641 venit
772 583 811 642 de
832 584 973 660 gramine,
995 581 1078 642 cuius
1216 590 1250 640 60

250 680 329 739 clara
350 682 419 756 fuga
439 691 508 739 ante
529 679 603 739 alios
624 689 654 739 et
675 679 788 754 primus
809 679 840 738 in
861 699 990 757 aequore
1011 679 1114 756 pulvis.
1172 705 1178 727 ι

251 778 303 837 sed
325 780 429 837 venale
451 796 543 854 pecus
565 776 735 854 Coryphaei
757 778 914 853 posteritas
935 789 965 838 et
1144 730 1173 815 s

252 873 381 951 Hirpini,
403 875 426 934 si
448 894 513 934 rara
533 873 603 950 iug'o
624 872 747 932 victoria
768 874 862 946 sedit3

250 972 292 1031 uil
313 973 354 1033 ibi
376 973 519 1033 maiorum
543 983 701 1048 respectus,
724 971 816 1048 gratia
837 972 919 1030 nulla

250 1072 438 1143 umbrarum,
466 1069 606 1147 dominos
627 1067 728 1146 pretiis
751 1078 865 1128 mutare
886 1067 1024 1129 iubentur
1217 1080 1248 1143 ⁶5

251 1167 371 1243 exiguis,
394 1167 463 1227 trito
484 1167 597 1226 ducunt
617 1163 768 1240 epiraedia
788 1166 866 1225 collo
1160 1173 1163 1177 ’

251 1265 426 1342 segnipedes
446 1261 588 1340 dignique
610 1263 720 1322 molam
740 1281 857 1322 versare
879 1273 1011 1340 nepotes.

250 1382 320 1440 ergo
340 1375 374 1423 ut
395 1362 534 1422 miremur
554 1373 593 1433 te,
615 1381 677 1420 non
699 1372 758 1434 tua,
781 1360 896 1437 privum
918 1358 1029 1436 aliquid
1052 1361 1099 1434 da,

250 1462 333 1536 quod
354 1459 466 1536 possim
488 1458 579 1518 titulis
601 1456 731 1518 incidere
753 1470 868 1536 praeter
887 1459 1015 1518 honores

250 1578 325 1635 quos
346 1559 402 1618 illis
423 1561 528 1619 damus
549 1577 585 1618 ac
606 1556 753 1628 dedimus,
776 1555 883 1632 quibus
904 1555 1006 1615 omnia
1025 1557 1138 1616 debes.-
1218 1577 1250 1628 70

290 1657 365 1715 haec
387 1654 456 1715 satis
478 1655 516 1714 ad
536 1654 675 1714 iuvenem
697 1671 787 1730 quem
808 1652 895 1712 nobis
916 1653 995 1711 sama
1015 1652 1174 1729 superbum
1225 1661 1242 1735 J

250 1751 339 1812 tradit
360 1762 390 1811 et
410 1752 545 1810 inflatum
566 1752 749 1827 plenumque
771 1751 893 1809 Nerone
914 1748 1081 1826 propinquo
1091 1770 1102 1824 ;
1164 1779 1167 1784 ·

250 1869 329 1908 rarus
351 1848 430 1908 enim
452 1850 544 1909 ferme
566 1866 671 1906 sensus
693 1846 861 1905 communis
882 1846 913 1904 in
934 1846 984 1905 illa

250 1946 374 2005 fortuna
418 1946 470 2004 sed
491 1956 522 2004 te
542 1943 656 2004 censeri
676 1943 765 2002 laude
786 1954 912 2013 tuorum,

251 2043 383 2116 Pontice,
405 2042 549 2103 noluerim
572 2041 614 2100 sic
636 2051 669 2100 ut
690 2039 763 2099 nihil
784 2039 847 2116 ipse
868 2041 982 2099 suturae
1217 2063 1247 2117 75

250 2142 346 2201 laudis
367 2160 445 2218 agas.
489 2139 630 2199 miserum
651 2149 696 2199 est
717 2139 841 2197 aliomm
863 2137 1032 2197 incumbere
1052 2138 1156 2213 famae,

249 2259 288 2298 ne
308 2240 450 2316 conlapsa
470 2248 556 2297 ruant
577 2235 731 2296 subductis
753 2245 832 2295 tecta
852 2234 1006 2309 columnis,

249 2346 356 2395 stratus
376 2334 460 2394 humi
481 2336 595 2412 palmes
616 2332 721 2393 viduas
743 2331 892 2392 desideret
913 2334 1017 2391 ulmos.

250 2444 314 2492 esto
335 2436 432 2492 bonus
453 2431 546 2505 mileu,
571 2441 652 2491 tutor
672 2432 778 2501 bonus,
800 2428 908 2488 arbiter
927 2426 1008 2488 idern

250 2529 379 2608 integer;
408 2529 564 2606 ambiguae
586 2528 611 2588 si
632 2529 756 2604 quando
777 2526 907 2587 citabere
928 2529 1011 2587 testis
1217 2539 1249 2588 80

249 2625 439 2704 incertaeque
459 2627 509 2699 rei,
533 2625 664 2686 Phalaris
686 2625 755 2685 licet
776 2627 901 2700 imperet
922 2635 953 2684 ut
975 2625 1013 2684 sis

250 2726 339 2785 falsus
359 2736 389 2785 et
410 2727 534 2785 admoto
555 2724 647 2785 dictet
668 2723 793 2801 periuria
814 2735 906 2793 tauro,

250 2841 398 2881 summum
419 2821 508 2881 crede
529 2821 620 2889 nefas,
643 2819 774 2879 animam
796 2820 940 2895 praeferre
961 2817 1066 2895 pudori

250 2929 280 2978 et
299 2931 419 2996 propter
439 2918 530 2977 vitam
550 2917 671 2978 vivendi
693 2919 816 2994 perdere
836 2935 948 2976 causas.

211 3046 214 3052 ·
249 3016 355 3093 dignus
376 3027 471 3077 morte
491 3013 576 3094 perit,
599 3026 685 3074 cenet
706 3014 776 3074 licet
797 3025 894 3074 ostrea
914 3023 1034 3073 centum
1217 3025 1247 3089 85

250 3114 389 3174 Gaurana
409 3126 439 3174 et
461 3112 565 3174 Cosmi
586 3123 650 3172 toto
672 3121 819 3188 mergatur
839 3131 924 3171 aeno.

249 3223 405 3288 expectata
425 3210 478 3270 diu
499 3212 621 3271 tandem
641 3209 796 3287 provincia
816 3228 886 3268 cum
908 3219 937 3268 te

298 3432 329 3483 62
363 3433 516 3499 Coryphaei]
533 3434 647 3497 Coryse*
660 3436 699 3484 P:
717 3433 827 3498 Corythe
833 3439 854 3496 p
1031 3428 1061 3492 67
1095 3437 1199 3496 nepotes
1210 3433 1246 3480 P:

251 3516 357 3579 Nepotis
362 3525 384 3579 p
447 3516 479 3567 68
512 3517 609 3581 privum
620 3517 774 3565 Salmasius:
792 3513 900 3579 primum
912 3516 953 3561 Po
1020 3515 1050 3573 78
1077 3514 1200 3564 desiderat
1212 3515 1246 3563 P:

250 3596 399 3647 discinderet
410 3597 440 3646 in
451 3598 550 3662 margin
560 3598 591 3660 os
595 3599 622 3647 P
