2992 4134
270 351 312 427 48
664 362 862 412 rvvuunurs

271 508 425 569 communi
446 507 528 568 feriat
549 527 669 567 carmen
690 507 804 568 triviale
826 522 954 579 moneta,
1239 532 1270 585 55

272 608 360 678 hunc,
383 608 502 683 qualem
524 624 642 682 nequeo
663 618 827 667 monstrare
848 617 878 666 et
899 607 995 667 sentio
1016 619 1140 679 tantum,

272 704 419 763 anxietate
440 722 544 762 carens
565 704 682 763 animus
703 704 782 775 facit,
804 705 901 764 omnis
922 705 1021 765 acerbi

273 801 431 880 inpatiens
454 800 581 878 cupidus
602 801 739 861 silvarum
761 812 907 879 aptusque
928 802 1066 863 bibendis

273 899 405 959 fontibus
425 899 587 959 Aonidum.
629 919 727 975 neque
748 898 828 959 enim
849 910 968 960 cantare
988 903 1044 960 sub
1065 911 1151 960 antro

275 996 372 1056 Pierio
393 998 585 1072 thyrsumque
606 1008 704 1073 potest
725 996 897 1074 contingere
918 1007 1032 1056 maesta
1221 983 1273 1080 [od

275 1105 433 1172 paupertas
454 1106 545 1172 atque
565 1094 640 1154 aeris
661 1094 756 1172 inops,
779 1115 839 1171 quo
860 1106 949 1156 nocte
969 1095 1077 1172 dieque

275 1211 381 1268 corpus
402 1202 485 1268 eget:
513 1202 593 1251 satur
612 1202 657 1251 est
678 1210 746 1251 cum
768 1192 840 1251 dicit
862 1194 1005 1252 Horatius
1028 1191 1159 1252 ‘euhoe'

233 1270 238 1277 i
276 1289 341 1364 quis
362 1290 446 1346 locus
467 1286 596 1365 ingenio,
618 1286 675 1346 nisi
695 1307 763 1346 cum
785 1307 817 1348 se
838 1288 968 1348 carmine
989 1290 1054 1348 solo

277 1397 383 1444 vexant
404 1395 433 1444 et
454 1383 583 1445 dominis
605 1384 726 1446 Cirrhae
748 1388 908 1462 Nysaeque
929 1388 1060 1445 feruntur

277 1492 399 1558 pectora
418 1493 513 1542 vestra
534 1483 608 1541 duas
629 1502 691 1542 non
712 1481 900 1542 admittentia
921 1485 1027 1542 curas?

277 1599 403 1656 magnae
424 1579 531 1639 mentis
552 1598 627 1657 opus
648 1599 705 1641 nec
725 1582 765 1640 de
785 1579 883 1641 lodice
903 1581 1036 1656 paranda

278 1675 429 1749 attonitae,
452 1697 552 1736 currus
573 1687 602 1736 et
623 1696 717 1753 equos
736 1675 886 1753 faciesque
907 1677 1030 1736 deorum

279 1774 409 1850 aspicere
430 1785 460 1834 et
481 1772 576 1850 qualis
599 1774 741 1832 Rutulum
763 1773 926 1832 confundat
948 1771 1061 1848 Erinys

279 1891 349 1929 nam
371 1871 395 1928 si
415 1869 546 1946 Vergilio
567 1888 641 1945 puer
661 1880 690 1928 et
712 1869 864 1928 tolerabile
886 1869 984 1928 desset

279 1967 448 2044 hospitium,
472 1968 612 2026 caderent
633 1985 738 2026 omnes
758 1985 777 2024 a
797 1965 927 2025 crinibus
948 1966 1041 2073 hydri,
1243 1984 1277 2036 70

280 2066 369 2124 surda
389 2063 461 2122 nihil
481 2073 611 2140 gemeret
632 2082 719 2140 grave
739 2062 867 2122 bucina:
894 2047 1044 2138 po'scimus
1066 2052 1097 2121 ut
1119 2062 1156 2121 sit

281 2181 341 2221 non
362 2160 459 2237 minor
478 2159 602 2236 antiquo
624 2160 792 2263 Rubrenus
806 2160 910 2235 Lappa
931 2161 1084 2230 cothumo‚

280 2255 363 2316 cuius
385 2267 414 2315 et
435 2257 565 2315 alveolos
586 2266 616 2315 et
636 2226 798 2314 laenam
775 2222 908 2332 pignerat
929 2256 1059 2315 Atreus?

282 2373 343 2430 non
364 2353 453 2433 habet
473 2351 574 2424 infelix
596 2350 734 2425 Numitor
755 2354 836 2428 quod
857 2351 954 2412 mittat
975 2353 1089 2411 amico.

282 2428 448 2524 Quintillae
465 2451 547 2525 quod
569 2450 660 2508 donet
670 2430 779 2523 habet,
802 2469 858 2510 nec
879 2450 972 2510 defuit
993 2449 1034 2508 illi
1245 2469 1276 2522 75

282 2548 362 2606 unde
383 2557 495 2606 emeret
517 2547 608 2604 multa
628 2547 813 2622 pascendum
834 2566 921 2633 carne
942 2549 1073 2607 leonem

282 2642 341 2701 iam
363 2641 527 2716 domitum;
556 2653 671 2702 constat
692 2642 793 2702 leviori
814 2626 901 2702 belua
921 2654 1041 2718 sumptu

283 2740 420 2799 nimirum
442 2752 471 2800 et
492 2740 613 2816 capiunt
633 2742 700 2816 plus
721 2723 861 2800 ihtehrida'
880 2729 995 2817 pibetae.

283 2850 440 2899 contentus
461 2839 539 2897 fama
560 2838 653 2896 iaceat
675 2840 813 2896 Lucanus
834 2837 865 2895 in
885 2837 978 2896 hortis

284 2935 462 3006 marmoreis,
485 2946 515 2994 at
536 2937 662 2995 Serrano
683 2933 825 3010 tenuique
846 2925 948 3020 Saleio¹
1246 2943 1279 2994 80

283 3032 375 3108 gloria
395 3031 579 3109 quantalibet
600 3031 672 3107 quid
693 3031 756 3102 erit,
779 3031 802 3090 si
823 3030 915 3107 gloria
937 3030 1061 3089 tantum·
1073 3031 1139 3089 est?

283 3130 408 3189 curritur
426 3130 466 3189 ad
487 3149 591 3189 vocem
612 3127 773 3188 iucundam
795 3141 824 3188 et
845 3146 963 3188 carmen
985 3126 1099 3188 amicae

284 3228 464 3300 Thebaidos,
486 3229 594 3287 laetam
615 3247 684 3287 cum
704 3226 775 3287 fecit
795 3226 904 3288 Statius
924 3227 1028 3287 urbem

284 3323 477 3401 promisitque
499 3324 578 3383 diem
588 3344 597 3397 3
625 3333 708 3383 tanta
728 3323 888 3384 dulcedine
908 3334 1012 3400 captos

285 3420 384 3480 adficit
405 3419 454 3480 ille
475 3419 590 3479 animos
611 3430 755 3497 tantaque
775 3418 900 3480 libidine
919 3419 998 3497 volgi

1179 1532 1228 1567 s

335 3654 365 3706 79
400 3640 490 3702 iaceat]
506 3641 625 3689 taceatP
720 3641 752 3688 8ο
785 3637 868 3688 Saleio
881 3640 912 3689 S:
931 3639 1068 3688 SalenoP:
1086 3636 1197 3686 salinoo

333 3811 399 3870 Α
