<?xml version="1.0" encoding="UTF-8"?>
<!DOCTYPE html PUBLIC "-//W3C//DTD XHTML 1.0 Transitional//EN"
    "http://www.w3.org/TR/xhtml1/DTD/xhtml1-transitional.dtd">
<html xmlns="http://www.w3.org/1999/xhtml" xml:lang="en" lang="en">
 <head>
  <title>
</title>
<meta http-equiv="Content-Type" content="text/html;charset=utf-8" />
  <meta name='ocr-system' content='tesseract 3.04.00' />
  <meta name='ocr-capabilities' content='ocr_page ocr_carea ocr_par ocr_line ocrx_word'/>
</head>
<body>
  <div class='ocr_page' id='page_1' title='image "./satvraexivfourt00duffgoog/satvraexivfourt00duffgoog_0132.png"; bbox 0 0 2992 4134; ppageno 0'>
   <div class='ocr_carea' id='block_1_1' title="bbox 250 355 850 416">
    <p class='ocr_par' dir='ltr' id='par_1_1' title="bbox 250 355 850 416">
     <span class='ocr_line' id='line_1_1' title="bbox 250 355 850 416; baseline -0.005 0"><span class='ocrx_word' id='word_1_1' title='bbox 250 355 291 416; x_wconf 89' lang='lat'>68</span> <span class='ocrx_word' id='word_1_2' title='bbox 650 364 850 414; x_wconf 77' lang='lat' dir='ltr'>1VVENALIS</span> 
     </span>
    </p>
   </div>
   <div class='ocr_carea' id='block_1_2' title="bbox 194 512 1259 3723">
    <p class='ocr_par' dir='ltr' id='par_1_2' title="bbox 204 512 1056 788">
     <span class='ocr_line' id='line_1_2' title="bbox 250 512 1056 591; baseline -0.004 -18"><span class='ocrx_word' id='word_1_3' title='bbox 250 533 340 591; x_wconf 91' lang='lat' dir='ltr'>quem</span> <span class='ocrx_word' id='word_1_4' title='bbox 361 512 493 591; x_wconf 89' lang='lat' dir='ltr'>sequitur</span> <span class='ocrx_word' id='word_1_5' title='bbox 512 523 613 572; x_wconf 90' lang='lat' dir='ltr'>custos</span> <span class='ocrx_word' id='word_1_6' title='bbox 635 522 779 589; x_wconf 84' lang='lat' dir='ltr'>angustae</span> <span class='ocrx_word' id='word_1_7' title='bbox 799 513 922 571; x_wconf 77' lang='lat' dir='ltr'>vernula</span> <span class='ocrx_word' id='word_1_8' title='bbox 943 529 1056 587; x_wconf 78' lang='lat' dir='ltr'>capsae</span> 
     </span>
     <span class='ocr_line' id='line_1_3' title="bbox 251 608 996 688; baseline -0.005 -18"><span class='ocrx_word' id='word_1_9' title='bbox 251 610 371 688; x_wconf 92' lang='lat' dir='ltr'>eloquio</span> <span class='ocrx_word' id='word_1_10' title='bbox 392 611 445 671; x_wconf 93' lang='lat' dir='ltr'>sed</span> <span class='ocrx_word' id='word_1_11' title='bbox 466 621 590 687; x_wconf 90' lang='lat' dir='ltr'>uterque</span> <span class='ocrx_word' id='word_1_12' title='bbox 611 608 687 685; x_wconf 91' lang='lat' dir='ltr'>perit</span> <span class='ocrx_word' id='word_1_13' title='bbox 708 619 814 682; x_wconf 90' lang='lat' dir='ltr'>orator,</span> <span class='ocrx_word' id='word_1_14' title='bbox 837 618 996 684; x_wconf 91' lang='lat' dir='ltr'>utrumque</span> 
     </span>
     <span class='ocr_line' id='line_1_4' title="bbox 204 695 989 817; baseline -0.005 -49"><span class='ocrx_word' id='word_1_15' title='bbox 204 695 206 698; x_wconf 35' lang='lat'>¹</span> <span class='ocrx_word' id='word_1_16' title='bbox 251 711 349 817; x_wconf 85' lang='lat' dir='ltr'>largus</span> <span class='ocrx_word' id='word_1_17' title='bbox 367 718 398 768; x_wconf 92' lang='lat' dir='ltr'>et</span> <span class='ocrx_word' id='word_1_18' title='bbox 418 708 573 790; x_wconf 84' lang='lat' dir='ltr'>exundans</span> <span class='ocrx_word' id='word_1_19' title='bbox 594 705 656 768; x_wconf 83' lang='lat' dir='ltr'>leto</span> <span class='ocrx_word' id='word_1_20' title='bbox 677 705 790 767; x_wconf 93' lang='lat' dir='ltr'>dedit&#39;</span> <span class='ocrx_word' id='word_1_21' title='bbox 781 705 892 785; x_wconf 81' lang='lat' dir='ltr'>ingenii</span> <span class='ocrx_word' id='word_1_22' title='bbox 912 707 989 767; x_wconf 83' lang='lat' dir='ltr'>fons.</span> 
     </span>
    </p>

    <p class='ocr_par' dir='ltr' id='par_1_3' title="bbox 246 787 1098 2144">
     <span class='ocr_line' id='line_1_5' title="bbox 251 787 1091 885; baseline -0.005 -20"><span class='ocrx_word' id='word_1_23' title='bbox 251 803 371 885; x_wconf 83' lang='lat' dir='ltr'>ingenio</span> <span class='ocrx_word' id='word_1_24' title='bbox 392 823 497 866; x_wconf 90' lang='lat' dir='ltr'>manus</span> <span class='ocrx_word' id='word_1_25' title='bbox 518 814 564 865; x_wconf 90' lang='lat' dir='ltr'>est</span> <span class='ocrx_word' id='word_1_26' title='bbox 583 816 614 864; x_wconf 91' lang='lat' dir='ltr'>et</span> <span class='ocrx_word' id='word_1_27' title='bbox 634 805 733 864; x_wconf 87' lang='lat' dir='ltr'>cervix</span> <span class='ocrx_word' id='word_1_28' title='bbox 754 823 849 875; x_wconf 91' lang='lat' dir='ltr'>caesa,</span> <span class='ocrx_word' id='word_1_29' title='bbox 872 822 929 863; x_wconf 90' lang='lat' dir='ltr'>nec</span> <span class='ocrx_word' id='word_1_30' title='bbox 949 787 1091 879; x_wconf 89' lang='lat' dir='ltr'>umquam</span> 
     </span>
     <span class='ocr_line' id='line_1_6' title="bbox 252 892 1005 980; baseline -0.004 -19"><span class='ocrx_word' id='word_1_31' title='bbox 252 901 395 980; x_wconf 88' lang='lat' dir='ltr'>sanguine</span> <span class='ocrx_word' id='word_1_32' title='bbox 415 900 559 963; x_wconf 83' lang='lat' dir='ltr'>causidici</span> <span class='ocrx_word' id='word_1_33' title='bbox 579 892 756 960; x_wconf 85' lang='lat' dir='ltr'><strong>maduerunt</strong></span> <span class='ocrx_word' id='word_1_34' title='bbox 778 911 872 977; x_wconf 89' lang='lat' dir='ltr'>rostra</span> <span class='ocrx_word' id='word_1_35' title='bbox 893 899 1005 977; x_wconf 92' lang='lat' dir='ltr'>pusilli.-</span> 
     </span>
     <span class='ocr_line' id='line_1_7' title="bbox 253 997 1015 1081; baseline -0.008 -19"><span class='ocrx_word' id='word_1_36' title='bbox 253 1006 289 1062; x_wconf 86' lang='lat' dir='ltr'>‘o</span> <span class='ocrx_word' id='word_1_37' title='bbox 309 1001 488 1060; x_wconf 83' lang='lat' dir='ltr'><strong>fortunatam</strong></span> <span class='ocrx_word' id='word_1_38' title='bbox 509 1009 612 1081; x_wconf 78' lang='lat' dir='ltr'>natam</span> <span class='ocrx_word' id='word_1_39' title='bbox 632 1016 681 1056; x_wconf 91' lang='lat' dir='ltr'>me</span> <span class='ocrx_word' id='word_1_40' title='bbox 702 999 826 1058; x_wconf 89' lang='lat' dir='ltr'>consule</span> <span class='ocrx_word' id='word_1_41' title='bbox 847 997 1015 1058; x_wconf 88' lang='lat' dir='ltr'>Romam&#39;·</span> 
     </span>
     <span class='ocr_line' id='line_1_8' title="bbox 253 1093 953 1173; baseline -0.003 -17"><span class='ocrx_word' id='word_1_42' title='bbox 253 1094 365 1157; x_wconf 87' lang='lat' dir='ltr'>Antoni</span> <span class='ocrx_word' id='word_1_43' title='bbox 386 1094 500 1173; x_wconf 86' lang='lat' dir='ltr'>gladios</span> <span class='ocrx_word' id='word_1_44' title='bbox 521 1093 619 1173; x_wconf 91' lang='lat' dir='ltr'>potuit</span> <span class='ocrx_word' id='word_1_45' title='bbox 639 1106 841 1167; x_wconf 89' lang='lat' dir='ltr'>contemnere,</span> <span class='ocrx_word' id='word_1_46' title='bbox 864 1095 890 1155; x_wconf 94' lang='lat' dir='ltr'>si</span> <span class='ocrx_word' id='word_1_47' title='bbox 910 1095 953 1156; x_wconf 91' lang='lat' dir='ltr'>sie</span> 
     </span>
     <span class='ocr_line' id='line_1_9' title="bbox 252 1142 935 1270; baseline -0.003 -16"><span class='ocrx_word' id='word_1_48' title='bbox 252 1194 354 1254; x_wconf 88' lang='lat' dir='ltr'>omnia</span> <span class='ocrx_word' id='word_1_49' title='bbox 373 1194 503 1253; x_wconf 83' lang='lat' dir='ltr'>dixisset.</span> <span class='ocrx_word' id='word_1_50' title='bbox 546 1191 671 1252; x_wconf 89' lang='lat' dir='ltr'>ridenda</span> <span class='ocrx_word' id='word_1_51' title='bbox 691 1203 832 1270; x_wconf 83' lang='lat' dir='ltr'>poemata</span> <span class='ocrx_word' id='word_1_52' title='bbox 834 1142 935 1252; x_wconf 81' lang='lat' dir='ltr'>maio</span> 
     </span>
     <span class='ocr_line' id='line_1_10' title="bbox 253 1288 1041 1389; baseline 0 -38"><span class='ocrx_word' id='word_1_53' title='bbox 253 1311 342 1368; x_wconf 88' lang='lat' dir='ltr'>quam</span> <span class='ocrx_word' id='word_1_54' title='bbox 363 1302 402 1364; x_wconf 90' lang='lat' dir='ltr'>te,</span> <span class='ocrx_word' id='word_1_55' title='bbox 423 1289 610 1377; x_wconf 86' lang='lat' dir='ltr'>conspicuae</span> <span class='ocrx_word' id='word_1_56' title='bbox 626 1288 727 1350; x_wconf 92' lang='lat' dir='ltr'>divina</span> <span class='ocrx_word' id='word_1_57' title='bbox 740 1288 916 1389; x_wconf 84' lang='lat' dir='ltr'>Philippica</span> <span class='ocrx_word' id='word_1_58' title='bbox 936 1291 1041 1364; x_wconf 84' lang='lat' dir='ltr'>famae,</span> 
     </span>
     <span class='ocr_line' id='line_1_11' title="bbox 253 1387 1098 1466; baseline -0.002 -16"><span class='ocrx_word' id='word_1_59' title='bbox 253 1387 378 1450; x_wconf 90' lang='lat' dir='ltr'>volveris</span> <span class='ocrx_word' id='word_1_60' title='bbox 399 1408 417 1448; x_wconf 88' lang='lat' dir='ltr'>a</span> <span class='ocrx_word' id='word_1_61' title='bbox 437 1387 531 1465; x_wconf 89' lang='lat' dir='ltr'>prima</span> <span class='ocrx_word' id='word_1_62' title='bbox 552 1408 629 1466; x_wconf 85' lang='lat' dir='ltr'>quae</span> <span class='ocrx_word' id='word_1_63' title='bbox 649 1388 794 1466; x_wconf 76' lang='lat' dir='ltr'>proxima„</span> <span class='ocrx_word' id='word_1_64' title='bbox 838 1408 943 1459; x_wconf 86' lang='lat' dir='ltr'>saevus</span> <span class='ocrx_word' id='word_1_65' title='bbox 965 1401 995 1450; x_wconf 92' lang='lat' dir='ltr'>et</span> <span class='ocrx_word' id='word_1_66' title='bbox 1015 1389 1098 1449; x_wconf 91' lang='lat' dir='ltr'>illum</span> 
     </span>
     <span class='ocr_line' id='line_1_12' title="bbox 253 1483 958 1563; baseline -0.001 -16"><span class='ocrx_word' id='word_1_67' title='bbox 253 1485 347 1547; x_wconf 85' lang='lat' dir='ltr'>exitus</span> <span class='ocrx_word' id='word_1_68' title='bbox 369 1483 485 1563; x_wconf 80' lang='lat' dir='ltr'>eripuit,</span> <span class='ocrx_word' id='word_1_69' title='bbox 507 1505 596 1562; x_wconf 91' lang='lat' dir='ltr'>quem</span> <span class='ocrx_word' id='word_1_70' title='bbox 620 1486 801 1548; x_wconf 86' lang='lat' dir='ltr'>mirabantur</span> <span class='ocrx_word' id='word_1_71' title='bbox 821 1486 958 1547; x_wconf 86' lang='lat' dir='ltr'>Athenae</span> 
     </span>
     <span class='ocr_line' id='line_1_13' title="bbox 254 1557 1032 1661; baseline -0.001 -17"><span class='ocrx_word' id='word_1_72' title='bbox 254 1594 414 1645; x_wconf 87' lang='lat' dir='ltr'>torrentem</span> <span class='ocrx_word' id='word_1_73' title='bbox 436 1594 465 1643; x_wconf 92' lang='lat' dir='ltr'>et</span> <span class='ocrx_word' id='word_1_74' title='bbox 485 1583 568 1661; x_wconf 92' lang='lat' dir='ltr'>pleni</span> <span class='ocrx_word' id='word_1_75' title='bbox 587 1586 794 1645; x_wconf 87' lang='lat' dir='ltr'>moderantem</span> <span class='ocrx_word' id='word_1_76' title='bbox 815 1586 899 1646; x_wconf 80' lang='lat' dir='ltr'>trena</span> <span class='ocrx_word' id='word_1_77' title='bbox 919 1557 1032 1646; x_wconf 85' lang='lat' dir='ltr'>theatri.</span> 
     </span>
     <span class='ocr_line' id='line_1_14' title="bbox 254 1682 949 1768; baseline 0.004 -26"><span class='ocrx_word' id='word_1_78' title='bbox 254 1682 300 1742; x_wconf 89' lang='lat' dir='ltr'>dis</span> <span class='ocrx_word' id='word_1_79' title='bbox 321 1682 371 1743; x_wconf 90' lang='lat' dir='ltr'>ille</span> <span class='ocrx_word' id='word_1_80' title='bbox 391 1682 522 1743; x_wconf 89' lang='lat' dir='ltr'>adversis</span> <span class='ocrx_word' id='word_1_81' title='bbox 542 1682 659 1761; x_wconf 86' lang='lat' dir='ltr'>genitus</span> <span class='ocrx_word' id='word_1_82' title='bbox 680 1685 802 1768; x_wconf 82' lang='lat' dir='ltr'>fatoque</span> <span class='ocrx_word' id='word_1_83' title='bbox 823 1683 949 1757; x_wconf 90' lang='lat' dir='ltr'>sinistro,</span> 
     </span>
     <span class='ocr_line' id='line_1_15' title="bbox 254 1779 1000 1858; baseline 0.001 -20"><span class='ocrx_word' id='word_1_84' title='bbox 254 1798 344 1855; x_wconf 90' lang='lat' dir='ltr'>quem</span> <span class='ocrx_word' id='word_1_85' title='bbox 366 1791 450 1855; x_wconf 89' lang='lat' dir='ltr'>pater</span> <span class='ocrx_word' id='word_1_86' title='bbox 471 1779 602 1839; x_wconf 88' lang='lat' dir='ltr'>ardentis</span> <span class='ocrx_word' id='word_1_87' title='bbox 623 1800 739 1841; x_wconf 89' lang='lat' dir='ltr'>massae</span> <span class='ocrx_word' id='word_1_88' title='bbox 761 1779 882 1858; x_wconf 82' lang='lat' dir='ltr'>fuligine</span> <span class='ocrx_word' id='word_1_89' title='bbox 903 1782 1000 1858; x_wconf 90' lang='lat' dir='ltr'>lippus</span> 
     </span>
     <span class='ocr_line' id='line_1_16' title="bbox 255 1875 987 1953; baseline 0 -18"><span class='ocrx_word' id='word_1_90' title='bbox 255 1895 273 1935; x_wconf 94' lang='lat' dir='ltr'>a</span> <span class='ocrx_word' id='word_1_91' title='bbox 293 1876 421 1935; x_wconf 89' lang='lat' dir='ltr'>carbone</span> <span class='ocrx_word' id='word_1_92' title='bbox 442 1885 472 1934; x_wconf 94' lang='lat' dir='ltr'>et</span> <span class='ocrx_word' id='word_1_93' title='bbox 492 1875 653 1952; x_wconf 85' lang='lat' dir='ltr'>forcipibus</span> <span class='ocrx_word' id='word_1_94' title='bbox 673 1876 849 1953; x_wconf 86' lang='lat' dir='ltr'>gladiosque</span> <span class='ocrx_word' id='word_1_95' title='bbox 869 1875 987 1952; x_wconf 90' lang='lat' dir='ltr'>paranti</span> 
     </span>
     <span class='ocr_line' id='line_1_17' title="bbox 256 1959 982 2057; baseline -0.003 -26"><span class='ocrx_word' id='word_1_96' title='bbox 256 1972 364 2032; x_wconf 83' lang='lat' dir='ltr'>incude</span> <span class='ocrx_word' id='word_1_97' title='bbox 386 1982 415 2031; x_wconf 91' lang='lat' dir='ltr'>et</span> <span class='ocrx_word' id='word_1_98' title='bbox 436 1974 517 2057; x_wconf 78' lang='lat' dir='ltr'>luteo</span> <span class='ocrx_word' id='word_1_99' title='bbox 537 1972 676 2055; x_wconf 83' lang='lat' dir='ltr'>Vulcano</span> <span class='ocrx_word' id='word_1_100' title='bbox 697 1974 737 2032; x_wconf 90' lang='lat' dir='ltr'>ad</span> <span class='ocrx_word' id='word_1_101' title='bbox 758 1959 875 2032; x_wconf 88' lang='lat' dir='ltr'>rhetora</span> <span class='ocrx_word' id='word_1_102' title='bbox 896 1966 982 2032; x_wconf 86' lang='lat' dir='ltr'>misit.</span> 
     </span>
     <span class='ocr_line' id='line_1_18' title="bbox 246 2067 994 2144; baseline -0.003 -15"><span class='ocrx_word' id='word_1_103' title='bbox 246 2069 249 2077; x_wconf 84' lang='grc'><strong>’</strong></span> <span class='ocrx_word' id='word_1_104' title='bbox 296 2071 441 2129; x_wconf 89' lang='lat' dir='ltr'>bellomm</span> <span class='ocrx_word' id='word_1_105' title='bbox 463 2067 594 2140; x_wconf 89' lang='lat' dir='ltr'>exuviae,</span> <span class='ocrx_word' id='word_1_106' title='bbox 616 2068 727 2144; x_wconf 75' lang='lat' dir='ltr'>truncis</span> <span class='ocrx_word' id='word_1_107' title='bbox 748 2070 846 2128; x_wconf 87' lang='lat' dir='ltr'>adfixa</span> <span class='ocrx_word' id='word_1_108' title='bbox 867 2068 994 2144; x_wconf 88' lang='lat' dir='ltr'>tropaeis</span> 
     </span>
    </p>

    <p class='ocr_par' dir='ltr' id='par_1_4' title="bbox 167 2149 1259 3413">
     <span class='ocr_line' id='line_1_19' title="bbox 256 2149 1010 2256; baseline -0.004 -29.317"><span class='ocrx_word' id='word_1_109' title='bbox 256 2166 348 2228; x_wconf 89' lang='lat' dir='ltr'>lorica</span> <span class='ocrx_word' id='word_1_110' title='bbox 368 2178 398 2227; x_wconf 92' lang='lat' dir='ltr'>et</span> <span class='ocrx_word' id='word_1_111' title='bbox 418 2168 511 2256; x_wconf 79' lang='lat' dir='ltr'>tracta</span> <span class='ocrx_word' id='word_1_112' title='bbox 532 2167 570 2226; x_wconf 93' lang='lat' dir='ltr'>de</span> <span class='ocrx_word' id='word_1_113' title='bbox 592 2149 707 2227; x_wconf 83' lang='lat' dir='ltr'>casside</span> <span class='ocrx_word' id='word_1_114' title='bbox 727 2154 854 2226; x_wconf 80' lang='lat' dir='ltr'>biic&#39;cula</span> <span class='ocrx_word' id='word_1_115' title='bbox 875 2167 1010 2244; x_wconf 91' lang='lat' dir='ltr'>pendens</span> 
     </span>
     <span class='ocr_line' id='line_1_20' title="bbox 257 2262 1039 2342; baseline -0.004 -17"><span class='ocrx_word' id='word_1_116' title='bbox 257 2276 287 2325; x_wconf 93' lang='lat' dir='ltr'>et</span> <span class='ocrx_word' id='word_1_117' title='bbox 307 2276 423 2324; x_wconf 90' lang='lat' dir='ltr'>curtum</span> <span class='ocrx_word' id='word_1_118' title='bbox 444 2275 565 2324; x_wconf 89' lang='lat' dir='ltr'>temone</span> <span class='ocrx_word' id='word_1_119' title='bbox 586 2263 686 2342; x_wconf 80' lang='lat' dir='ltr'>iugum</span> <span class='ocrx_word' id='word_1_120' title='bbox 709 2262 862 2340; x_wconf 86' lang='lat' dir='ltr'>victaeque</span> <span class='ocrx_word' id='word_1_121' title='bbox 884 2263 1008 2323; x_wconf 87' lang='lat' dir='ltr'>triremis</span> <span class='ocrx_word' id='word_1_122' title='bbox 1031 2304 1039 2315; x_wconf 32' lang='grc' dir='ltr'>ι</span> 
     </span>
     <span class='ocr_line' id='line_1_21' title="bbox 257 2359 986 2439; baseline -0.003 -19"><span class='ocrx_word' id='word_1_123' title='bbox 257 2361 387 2439; x_wconf 93' lang='lat' dir='ltr'>aplustre</span> <span class='ocrx_word' id='word_1_124' title='bbox 407 2371 438 2421; x_wconf 91' lang='lat' dir='ltr'>et</span> <span class='ocrx_word' id='word_1_125' title='bbox 459 2379 576 2420; x_wconf 92' lang='lat' dir='ltr'>summo</span> <span class='ocrx_word' id='word_1_126' title='bbox 597 2359 687 2420; x_wconf 90' lang='lat' dir='ltr'>tristis</span> <span class='ocrx_word' id='word_1_127' title='bbox 709 2359 843 2436; x_wconf 91' lang='lat' dir='ltr'>captivus</span> <span class='ocrx_word' id='word_1_128' title='bbox 864 2359 895 2419; x_wconf 92' lang='lat' dir='ltr'>in</span> <span class='ocrx_word' id='word_1_129' title='bbox 916 2379 986 2420; x_wconf 92' lang='lat' dir='ltr'>arcu</span> 
     </span>
     <span class='ocr_line' id='line_1_22' title="bbox 258 2457 1038 2519; baseline 0 -2"><span class='ocrx_word' id='word_1_130' title='bbox 258 2457 394 2519; x_wconf 90' lang='lat' dir='ltr'>humanis</span> <span class='ocrx_word' id='word_1_131' title='bbox 415 2458 527 2518; x_wconf 91' lang='lat' dir='ltr'>maiora</span> <span class='ocrx_word' id='word_1_132' title='bbox 547 2458 635 2519; x_wconf 90' lang='lat' dir='ltr'>bonis</span> <span class='ocrx_word' id='word_1_133' title='bbox 655 2459 824 2518; x_wconf 89' lang='lat' dir='ltr'>creduntur.</span> <span class='ocrx_word' id='word_1_134' title='bbox 867 2459 906 2517; x_wconf 92' lang='lat' dir='ltr'>ad</span> <span class='ocrx_word' id='word_1_135' title='bbox 927 2459 985 2518; x_wconf 94' lang='lat' dir='ltr'>hoc</span> <span class='ocrx_word' id='word_1_136' title='bbox 1006 2477 1038 2517; x_wconf 92' lang='lat' dir='ltr'>se</span> 
     </span>
     <span class='ocr_line' id='line_1_23' title="bbox 259 2552 1028 2632; baseline -0.005 -16"><span class='ocrx_word' id='word_1_137' title='bbox 259 2559 414 2617; x_wconf 90' lang='lat' dir='ltr'>Romanus</span> <span class='ocrx_word' id='word_1_138' title='bbox 434 2556 602 2631; x_wconf 88' lang='lat' dir='ltr'>Graiusque</span> <span class='ocrx_word' id='word_1_139' title='bbox 622 2565 652 2616; x_wconf 88' lang='lat' dir='ltr'>et</span> <span class='ocrx_word' id='word_1_140' title='bbox 673 2556 815 2615; x_wconf 88' lang='lat' dir='ltr'>barbarus</span> <span class='ocrx_word' id='word_1_141' title='bbox 836 2552 1028 2632; x_wconf 88' lang='lat' dir='ltr'>induperator</span> 
     </span>
     <span class='ocr_line' id='line_1_24' title="bbox 258 2651 923 2729; baseline -0.003 -15"><span class='ocrx_word' id='word_1_142' title='bbox 258 2652 359 2726; x_wconf 83' lang='lat' dir='ltr'>erexit,</span> <span class='ocrx_word' id='word_1_143' title='bbox 381 2673 484 2714; x_wconf 89' lang='lat' dir='ltr'>causas</span> <span class='ocrx_word' id='word_1_144' title='bbox 505 2651 683 2714; x_wconf 91' lang='lat' dir='ltr'>discriminis</span> <span class='ocrx_word' id='word_1_145' title='bbox 704 2663 794 2729; x_wconf 91' lang='lat' dir='ltr'>atque</span> <span class='ocrx_word' id='word_1_146' title='bbox 814 2653 923 2714; x_wconf 90' lang='lat' dir='ltr'>laboris</span> 
     </span>
     <span class='ocr_line' id='line_1_25' title="bbox 259 2746 1078 2827; baseline -0.002 -16"><span class='ocrx_word' id='word_1_147' title='bbox 259 2751 330 2812; x_wconf 92' lang='lat' dir='ltr'>inde</span> <span class='ocrx_word' id='word_1_148' title='bbox 350 2746 472 2826; x_wconf 89' lang='lat' dir='ltr'>habuit;</span> <span class='ocrx_word' id='word_1_149' title='bbox 500 2761 585 2812; x_wconf 90' lang='lat' dir='ltr'>tanto</span> <span class='ocrx_word' id='word_1_150' title='bbox 606 2750 701 2812; x_wconf 90' lang='lat' dir='ltr'>maior</span> <span class='ocrx_word' id='word_1_151' title='bbox 720 2752 817 2811; x_wconf 86' lang='lat' dir='ltr'>famae</span> <span class='ocrx_word' id='word_1_152' title='bbox 838 2749 901 2810; x_wconf 88' lang='lat' dir='ltr'>sitis</span> <span class='ocrx_word' id='word_1_153' title='bbox 923 2760 967 2811; x_wconf 90' lang='lat' dir='ltr'>est</span> <span class='ocrx_word' id='word_1_154' title='bbox 988 2769 1078 2827; x_wconf 89' lang='lat' dir='ltr'>quam</span> 
     </span>
     <span class='ocr_line' id='line_1_26' title="bbox 259 2830 1085 2954; baseline -0.004 -45"><span class='ocrx_word' id='word_1_155' title='bbox 259 2849 382 2909; x_wconf 87' lang='lat' dir='ltr'>virtutis.</span> <span class='ocrx_word' id='word_1_156' title='bbox 425 2849 490 2924; x_wconf 84' lang='lat' dir='ltr'>quis</span> <span class='ocrx_word' id='word_1_157' title='bbox 512 2847 591 2908; x_wconf 91' lang='lat' dir='ltr'>enim</span> <span class='ocrx_word' id='word_1_158' title='bbox 614 2850 750 2908; x_wconf 92' lang='lat' dir='ltr'>virtutem</span> <span class='ocrx_word' id='word_1_159' title='bbox 772 2830 990 2954; x_wconf 63' lang='lat' dir='ltr'>qmplectitur</span> <span class='ocrx_word' id='word_1_160' title='bbox 981 2867 1085 2924; x_wconf 81' lang='lat' dir='ltr'>ipsam,</span> 
     </span>
     <span class='ocr_line' id='line_1_27' title="bbox 227 2942 1049 3055; baseline -0.004 -49.906"><span class='ocrx_word' id='word_1_161' title='bbox 227 2943 391 3055; x_wconf 91' lang='lat' dir='ltr'>praemia</span> <span class='ocrx_word' id='word_1_162' title='bbox 411 2945 436 3005; x_wconf 93' lang='lat' dir='ltr'>si</span> <span class='ocrx_word' id='word_1_163' title='bbox 456 2945 565 3004; x_wconf 86' lang='lat' dir='ltr'>tollas?</span> <span class='ocrx_word' id='word_1_164' title='bbox 591 2943 717 3019; x_wconf 89' lang='lat' dir='ltr'>patriam</span> <span class='ocrx_word' id='word_1_165' title='bbox 770 2962 837 3003; x_wconf 88' lang='lat' dir='ltr'>men</span> <span class='ocrx_word' id='word_1_166' title='bbox 861 2942 958 3004; x_wconf 92' lang='lat' dir='ltr'>obruit</span> <span class='ocrx_word' id='word_1_167' title='bbox 978 2943 1049 3004; x_wconf 91' lang='lat' dir='ltr'>olim</span> 
     </span>
     <span class='ocr_line' id='line_1_28' title="bbox 260 2956 996 3150; baseline 0 -48"><span class='ocrx_word' id='word_1_168' title='bbox 260 3014 377 3121; x_wconf 84' lang='lat' dir='ltr'>gloria</span> <span class='ocrx_word' id='word_1_169' title='bbox 372 3060 594 3150; x_wconf 85' lang='lat' dir='ltr'>paucorum</span> <span class='ocrx_word' id='word_1_170' title='bbox 557 3049 587 3102; x_wconf 90' lang='lat' dir='ltr'>et</span> <span class='ocrx_word' id='word_1_171' title='bbox 607 3040 703 3100; x_wconf 90' lang='lat' dir='ltr'>laudis</span> <span class='ocrx_word' id='word_1_172' title='bbox 718 2956 863 3118; x_wconf 56' lang='lat' dir='ltr'>‘ulique</span> <span class='ocrx_word' id='word_1_173' title='bbox 884 3039 996 3133; x_wconf 81' lang='lat' dir='ltr'>cupido</span> 
     </span>
     <span class='ocr_line' id='line_1_29' title="bbox 260 3136 992 3249; baseline -0.003 -49"><span class='ocrx_word' id='word_1_174' title='bbox 260 3140 377 3203; x_wconf 87' lang='lat' dir='ltr'>haesuri</span> <span class='ocrx_word' id='word_1_175' title='bbox 397 3138 473 3199; x_wconf 83' lang='lat' dir='ltr'>saxis</span> <span class='ocrx_word' id='word_1_176' title='bbox 475 3136 625 3229; x_wconf 84' lang='lat' dir='ltr'>cinerum</span> <span class='ocrx_word' id='word_1_177' title='bbox 647 3137 831 3249; x_wconf 91' lang='lat' dir='ltr'>custodibus,</span> <span class='ocrx_word' id='word_1_178' title='bbox 855 3139 894 3199; x_wconf 92' lang='lat' dir='ltr'>ad</span> <span class='ocrx_word' id='word_1_179' title='bbox 915 3157 992 3216; x_wconf 88' lang='lat' dir='ltr'>quae</span> 
     </span>
     <span class='ocr_line' id='line_1_30' title="bbox 261 3212 1259 3312; baseline -0.001 -13"><span class='ocrx_word' id='word_1_180' title='bbox 261 3236 448 3309; x_wconf 85' lang='lat' dir='ltr'>discutienda</span> <span class='ocrx_word' id='word_1_181' title='bbox 467 3238 567 3296; x_wconf 90' lang='lat' dir='ltr'>valent</span> <span class='ocrx_word' id='word_1_182' title='bbox 587 3234 692 3311; x_wconf 68' lang='lat' dir='ltr'>sterilis</span> <span class='ocrx_word' id='word_1_183' title='bbox 713 3212 801 3306; x_wconf 89' lang='lat' dir='ltr'>mala</span> <span class='ocrx_word' id='word_1_184' title='bbox 806 3234 919 3305; x_wconf 93' lang='lat' dir='ltr'>robora</span> <span class='ocrx_word' id='word_1_185' title='bbox 939 3235 996 3310; x_wconf 70' lang='lat' dir='ltr'>fici,</span> <span class='ocrx_word' id='word_1_186' title='bbox 1215 3261 1259 3312; x_wconf 83' lang='lat'>145</span> 
     </span>
     <span class='ocr_line' id='line_1_31' title="bbox 262 3304 1170 3432; baseline 0 -36"><span class='ocrx_word' id='word_1_187' title='bbox 262 3334 505 3432; x_wconf 88' lang='lat' dir='ltr'>quandoquidem</span> <span class='ocrx_word' id='word_1_188' title='bbox 526 3312 597 3396; x_wconf 69' lang='lat' dir='ltr'>daia</span> <span class='ocrx_word' id='word_1_189' title='bbox 617 3345 686 3394; x_wconf 86' lang='lat' dir='ltr'>sunt</span> <span class='ocrx_word' id='word_1_190' title='bbox 706 3332 778 3427; x_wconf 91' lang='lat' dir='ltr'>ipsis</span> <span class='ocrx_word' id='word_1_191' title='bbox 799 3353 920 3412; x_wconf 89' lang='lat' dir='ltr'>quoque</span> <span class='ocrx_word' id='word_1_192' title='bbox 940 3304 1001 3394; x_wconf 74' lang='lat' dir='ltr'>raia</span> <span class='ocrx_word' id='word_1_193' title='bbox 1021 3336 1170 3431; x_wconf 88' lang='lat' dir='ltr'>sepulcris.</span> 
     </span>
    </p>

    <p class='ocr_par' dir='ltr' id='par_1_5' title="bbox 194 3404 1143 3570">
     <span class='ocr_line' id='line_1_32' title="bbox 194 3404 1143 3570; baseline -0.002 -76.996"><span class='ocrx_word' id='word_1_194' title='bbox 194 3422 398 3570; x_wconf 41' lang='grc' dir='ltr'>,ᾕιιιρειιάε</span> <span class='ocrx_word' id='word_1_195' title='bbox 420 3404 642 3493; x_wconf 81' lang='lat' dir='ltr'>Hannibalem:</span> <span class='ocrx_word' id='word_1_196' title='bbox 670 3440 744 3508; x_wconf 94' lang='lat' dir='ltr'>quot</span> <span class='ocrx_word' id='word_1_197' title='bbox 730 3408 883 3490; x_wconf 90' lang='lat' dir='ltr'>libras</span> <span class='ocrx_word' id='word_1_198' title='bbox 875 3449 905 3489; x_wconf 89' lang='lat' dir='ltr'>rn</span> <span class='ocrx_word' id='word_1_199' title='bbox 927 3430 1003 3490; x_wconf 93' lang='lat' dir='ltr'>duce</span> <span class='ocrx_word' id='word_1_200' title='bbox 1024 3420 1143 3491; x_wconf 83' lang='lat' dir='ltr'>summo</span> 
     </span>
    </p>

    <p class='ocr_par' dir='ltr' id='par_1_6' title="bbox 263 3529 1115 3723">
     <span class='ocr_line' id='line_1_33' title="bbox 263 3529 1115 3609; baseline -0.004 -19"><span class='ocrx_word' id='word_1_201' title='bbox 263 3530 416 3594; x_wconf 87' lang='lat' dir='ltr'>invenies?</span> <span class='ocrx_word' id='word_1_202' title='bbox 442 3531 492 3590; x_wconf 88' lang='lat' dir='ltr'>hic</span> <span class='ocrx_word' id='word_1_203' title='bbox 512 3542 565 3604; x_wconf 84' lang='lat' dir='ltr'>est,</span> <span class='ocrx_word' id='word_1_204' title='bbox 587 3549 677 3608; x_wconf 86' lang='lat' dir='ltr'>quem</span> <span class='ocrx_word' id='word_1_205' title='bbox 698 3549 761 3590; x_wconf 92' lang='lat' dir='ltr'>non</span> <span class='ocrx_word' id='word_1_206' title='bbox 782 3530 863 3606; x_wconf 91' lang='lat' dir='ltr'>capit</span> <span class='ocrx_word' id='word_1_207' title='bbox 884 3529 997 3609; x_wconf 76' lang='lat' dir='ltr'>Africa</span> <span class='ocrx_word' id='word_1_208' title='bbox 1007 3530 1115 3587; x_wconf 87' lang='lat' dir='ltr'>Mauro</span> 
     </span>
     <span class='ocr_line' id='line_1_34' title="bbox 264 3627 964 3723; baseline -0.004 -34"><span class='ocrx_word' id='word_1_209' title='bbox 264 3649 402 3706; x_wconf 89' lang='lat' dir='ltr'>percussa</span> <span class='ocrx_word' id='word_1_210' title='bbox 421 3647 540 3723; x_wconf 49' lang='lat' dir='ltr'>oceano)</span> <span class='ocrx_word' id='word_1_211' title='bbox 557 3628 688 3705; x_wconf 89' lang='lat' dir='ltr'>Niloque</span> <span class='ocrx_word' id='word_1_212' title='bbox 707 3629 830 3688; x_wconf 88' lang='lat' dir='ltr'>admota</span> <span class='ocrx_word' id='word_1_213' title='bbox 850 3627 964 3704; x_wconf 89' lang='lat' dir='ltr'>tepenti</span> 
     </span>
    </p>
   </div>
   <div class='ocr_carea' id='block_1_3' title="bbox 0 0 1515 4134">
    <p class='ocr_par' dir='ltr' id='par_1_7' title="bbox 0 0 1515 4134">
     <span class='ocr_line' id='line_1_35' title="bbox 0 0 1515 4134; baseline 0 0"><span class='ocrx_word' id='word_1_214' title='bbox 0 0 1515 4134; x_wconf 95' lang='lat' dir='ltr'> </span> 
     </span>
    </p>
   </div>
  </div>
 </body>
</html>
