2992 4134
509 339 623 389 LIBER
645 340 715 389 1111.
737 340 884 388 sama
907 338 972 387 XII.

231 487 344 548 accidit
365 499 395 548 et
417 499 520 548 nostro
540 486 647 546 similis
667 488 788 546 fortuna
808 489 939 546 Catulla

231 605 302 645 cum
324 586 434 662 plenus
455 586 548 645 fluctu
569 585 687 644 medius
707 586 784 644 soret
804 586 908 643 alveus
926 597 967 655 et,
988 584 1049 643 iam
1215 608 1250 658 ³0

230 684 381 743 alternum
404 683 516 760 puppis
536 683 616 742 latus
635 681 841 743 evertentibus
859 680 959 750 undis,

231 779 347 840 arboris
367 779 508 854 incertae,
531 782 645 841 nullam
665 779 828 858 prudentia
847 777 917 837 crui

230 880 357 939 rectoris
378 898 447 938 cum
469 881 559 939 ferret
579 897 681 955 opem,
703 877 844 938 deridere
864 875 945 934 ‘netu

231 976 335 1052 coepit
356 995 425 1036 cum
446 975 553 1050 ventis,
575 974 709 1035 imitatus
728 985 848 1034 castora
866 973 920 1050 qui
938 992 973 1033 se

232 1075 408 1133 eunuchum
429 1074 495 1152 ipse
515 1073 588 1134 lacit
607 1074 732 1151 cupiens
752 1072 880 1131 evadere
899 1072 1013 1130 damno
1214 1092 1246 1145 35

231 1172 363 1232 testiculi
371 1193 381 1246 3
408 1174 487 1233 adeo
507 1173 693 1233 medicatum
713 1168 861 1246 intellegit
881 1168 1000 1246 inguen

235 1268 368 1328 ‘fundite
390 1288 469 1346 quae
489 1288 559 1329 mes
579 1268 661 1328 sunt'
682 1268 804 1327 dicebat
825 1265 963 1325 ‘ciructa'
983 1266 1120 1325 Catullus

231 1364 430 1441 praecipitare
451 1367 556 1425 volens
576 1366 668 1426 etiam
690 1362 899 1440 pulcherrima,
920 1374 1034 1422 vestem

231 1480 413 1538 purpuream
435 1460 545 1522 teneris
566 1479 690 1538 quoque
711 1459 942 1520 Maecenatibus
961 1470 1071 1535 aptam,

231 1570 324 1634 atque
344 1558 418 1618 alias
439 1578 566 1636 quarum
586 1559 725 1636 generosi
744 1557 888 1635 graruinis
908 1555 1009 1632 ipsum
1210 1577 1245 1626 ⁴0

231 1655 336 1716 infecit
357 1667 463 1716 natura
482 1675 584 1742 pecus,
608 1657 663 1716 sed
685 1667 716 1716 et
735 1653 873 1731 egregius
892 1654 961 1713 sous

233 1753 343 1813 viribus
364 1752 489 1814 occultis
509 1764 540 1814 et
562 1751 703 1813 Baeticus
723 1752 847 1812 adiuvat
867 1770 924 1811 aer.

231 1850 282 1911 ille
303 1870 361 1911 nec
381 1862 538 1928 argentum
559 1850 719 1911 dubitabat
739 1849 865 1920 mittere,
887 1849 990 1909 lances

232 1946 394 2007 Parthenio
415 1949 517 2020 factas,
540 1965 633 2006 urnae
654 1957 769 2006 cratera
789 1963 932 2021 mmcem

231 2058 262 2105 et
283 2045 408 2121 dignum
431 2043 551 2105 sitiente
573 2046 671 2104 Pholo
691 2046 739 2105 vel
760 2043 889 2120 coniuge
910 2044 1017 2118 Fusci3
1208 2067 1239 2118 ⁴5

230 2143 311 2202 adde
331 2153 362 2202 et
383 2143 548 2203 bascaudas
569 2152 600 2202 et
620 2142 702 2201 mille
723 2141 844 2213 escaria,
866 2142 993 2201 multum

231 2238 347 2310 caelati,
370 2237 486 2299 biberat
506 2258 568 2315 quo
588 2238 714 2298 callidus
735 2250 853 2316 emptor
873 2238 1006 2316 Olynthi

231 2337 287 2396 sed
307 2336 374 2413 quis
395 2355 477 2395 nuuc
497 2336 582 2410 alius,
604 2356 665 2413 qua
685 2336 791 2397 mundi
812 2347 898 2413 parte
918 2336 986 2414 quis
1006 2339 1097 2398 audet

231 2446 355 2513 argento
375 2436 523 2512 praeferre
543 2446 636 2512 caput
656 2437 807 2512 rebusque
828 2436 978 2494 salutem?

231 2551 293 2591 non
315 2544 437 2607 propter
457 2530 548 2590 vitam
570 2532 684 2591 iaciunt
703 2530 885 2608 patrimonia
904 2529 1035 2607 quidam,

231 2629 285 2688 sed
306 2627 379 2688 vitio
399 2628 481 2688 caeci
501 2639 624 2705 propter
643 2627 823 2704 patrimonia
842 2627 954 2688 vivunt

231 2727 357 2785 iactatur
377 2746 474 2786 rerum
495 2726 613 2787 utilium
633 2747 702 2806 pars
723 2728 860 2800 maxima,
883 2728 936 2788 sed
957 2748 1014 2789 nec

230 2826 343 2883 damna
364 2826 471 2885 levant.
515 2837 587 2885 tunc
608 2826 740 2886 adversis
761 2826 955 2904 urguentibus
976 2826 1046 2888 illuc

230 2918 354 2980 reccidit
375 2931 407 2980 ut
428 2924 540 2982 malum
561 2925 637 2984 ferro
658 2923 863 2996 summitteret,
885 2945 921 2985 ac
942 2945 974 2985 se

231 3016 359 3092 explicat
379 3031 555 3095 angustum:
583 3021 762 3082 discriminis
784 3025 895 3094 ultima,
918 3024 1041 3099 quando
1203 3043 1233 3097 55

230 3114 379 3190 praesidia
399 3117 560 3179 adferimus
581 3139 688 3181 navem
708 3123 823 3182 factura
843 3120 998 3181 minorem.

231 3208 240 3268 i
262 3231 343 3271 nuuc
365 3223 393 3272 et
414 3213 509 3274 ventis
529 3214 659 3276 animam
680 3219 836 3279 committe
857 3219 960 3279 dolato

230 3311 362 3369 confisus
383 3309 473 3388 ligno,
496 3313 594 3390 digitis
615 3334 634 3373 a
654 3328 750 3376 morte
770 3328 902 3376 remotus

376 3550 406 3599 3²
439 3538 534 3589 arboris
545 3539 653 3589 incertae
663 3542 703 3592 P:
719 3541 803 3594 arbori
813 3540 923 3595 incertae
933 3544 1080 3596 Lachntann

376 3632 406 3682 47
440 3620 544 3670 callidus
549 3630 587 3686 p:
604 3621 712 3686 pallidus
725 3625 750 3673 P

1108 3745 1200 3802 b-—u
