2992 4134
536 374 646 423 LIBER
670 376 706 426 11.
729 375 872 425 SATVRA
897 376 941 425 VI.

238 541 329 598 quem
350 535 436 582 cavat
456 522 589 584 adsiduis
609 524 732 585 rudibus
753 536 897 601 scutoque
919 525 1036 585 lacessit

238 631 329 697 atque
350 639 455 682 omnes
476 620 581 699 implet
602 642 742 683 numeros
763 621 936 700 dignissima
956 642 1075 701 prorsus

238 717 348 777 Florali
368 729 505 780 matrona
525 723 607 794 tuba,
628 720 687 780 nisi
707 721 732 780 si
753 721 826 799 quid
847 721 877 780 in
898 719 949 779 illo

238 828 361 893 pectore
381 820 449 897 plus
470 820 562 896 agitat
582 838 729 896 veraeque
750 830 869 896 paratur
889 820 1025 879 harenae.

238 932 327 989 quem
351 927 500 992 praestare
520 927 619 994 potest
640 916 746 976 mulier
766 918 882 993 galeata
902 916 1070 994 pudorem?

238 1013 326 1087 quale
347 1013 448 1087 decus,
469 1033 565 1074 rerum
587 1013 612 1074 si
632 1012 767 1092 coniugis
787 1013 887 1074 auctio
909 1015 968 1086 fiat,

238 1108 353 1168 balteus
375 1120 404 1169 et
425 1108 560 1170 manicae
582 1120 611 1170 et
631 1109 737 1170 cristae
758 1108 909 1185 crurisque
931 1107 1040 1168 sinistri

237 1203 396 1265 dimidium
416 1204 556 1282 tegimen,
577 1208 624 1266 vel
645 1205 670 1265 si
691 1206 807 1266 diversa
828 1206 959 1266 movebit

237 1302 357 1380 proelia,
380 1314 412 1363 tu
434 1303 504 1364 felix
524 1323 627 1364 ocreas
646 1305 797 1365 vendente
817 1305 924 1382 puella.

236 1399 294 1459 hae
315 1412 384 1459 sunt
405 1419 482 1477 quae
503 1401 585 1461 tenui
607 1401 716 1461 sudant
736 1400 768 1459 in
789 1401 919 1477 cyclade,
942 1420 1065 1477 quarum

237 1495 359 1556 delicias
380 1509 411 1557 et
431 1498 609 1575 panniculus
631 1497 828 1575 bombycinus
850 1496 928 1558 urit?

236 1591 336 1669 aspice
357 1611 419 1667 quo
439 1592 556 1653 fremitu
577 1604 757 1653 monstratos
778 1595 904 1670 perferat
925 1592 1001 1654 ictus

235 1699 266 1749 et
287 1701 401 1766 quanto
422 1692 525 1766 galeae
546 1702 682 1752 curvetur
701 1692 844 1768 pondere,
867 1703 978 1768 quanta

234 1787 401 1865 poplitibus
422 1788 524 1849 sedeat
545 1807 636 1864 quam
656 1790 752 1850 denso
773 1789 865 1850 fascia
885 1788 969 1858 libro,

235 1897 265 1946 et
286 1885 351 1945 ride
371 1886 475 1963 positis
496 1887 649 1965 scaphium
671 1908 738 1948 cum
762 1888 885 1947 sumitur
905 1886 1001 1946 armis.

235 1983 326 2044 dicite
346 2003 400 2044 vos
421 1994 526 2062 neptes
547 1984 654 2063 Lepidi
675 1985 794 2047 caecive
816 1985 931 2045 Metelli

235 2081 366 2158 Gurgitis
387 2093 439 2142 aut
460 2082 553 2157 Fabii,
576 2103 653 2161 quae
674 2085 756 2144 ludia
776 2082 934 2161 sumpserit
955 2102 1098 2159 umquam

234 2179 290 2238 hos
311 2179 439 2254 habitus,
461 2182 584 2257 quando
604 2182 643 2241 ad
664 2185 766 2259 palum
788 2193 887 2258 gemat
907 2202 980 2242 uxor
1002 2182 1093 2259 Asyli.

277 2296 394 2354 semper
415 2280 505 2340 habet
526 2278 592 2339 lites
613 2283 787 2358 alternaque
808 2280 901 2358 iurgia
922 2283 1015 2341 lectus

235 2375 266 2434 in
289 2395 349 2451 quo
370 2387 463 2455 nupta
483 2377 569 2449 iacet,
591 2379 746 2439 minimum
769 2378 914 2438 dormitur
934 2379 964 2438 in
986 2379 1044 2438 illo.

236 2485 308 2533 tunc
327 2474 422 2550 garis
442 2474 493 2534 illa
513 2475 584 2549 viro,
606 2488 678 2537 tunc
699 2480 771 2537 orba
793 2477 898 2554 tigride
919 2477 1010 2553 peior,

235 2592 305 2631 cum
326 2572 444 2633 simulat
463 2573 593 2650 gemitus
614 2575 723 2635 occulti
745 2575 866 2636 conscia
887 2576 965 2648 lacti,

236 2681 287 2729 aut
308 2669 371 2730 odit
391 2691 494 2746 sonas,
517 2685 570 2733 aut
589 2676 659 2734 ficta
678 2674 791 2752 paelice
812 2674 917 2750 plorat,

235 2767 374 2828 uberibus
395 2789 512 2848 semper
531 2771 659 2832 lacrimis
679 2791 857 2849 semperque
877 2772 985 2850 paratis

236 2865 267 2924 in
288 2867 415 2927 statione
436 2887 490 2929 sua
510 2880 601 2946 atque
622 2870 850 2947 expectantibus
871 2871 961 2945 illam,

236 2983 296 3039 quo
316 2965 417 3026 iubeat
438 2987 559 3028 manare
579 2970 692 3029 modo:
721 2979 753 3028 tu
775 2969 870 3029 credis
891 2988 1033 3040 amorem,

236 3071 267 3120 tu
289 3062 342 3123 tibi
363 3074 443 3137 tunc,
465 3084 564 3137 uruca,
586 3067 687 3143 places
708 3067 871 3144 fletumque
891 3067 1005 3127 labellis

235 3163 383 3236 exsorbes,
406 3182 483 3239 quae
505 3163 614 3241 scripta
634 3176 664 3224 et
685 3178 759 3241 quot
781 3167 891 3226 lecture
913 3166 1045 3239 tabellas,

235 3258 259 3318 si
281 3259 334 3319 tibi
356 3263 508 3339 zelotypae
528 3273 698 3340 retegantur
718 3264 825 3324 scrinia
845 3265 997 3324 moechae.

235 3355 284 3416 dic
304 3357 435 3433 aliquem
455 3362 544 3421 sodes
565 3361 623 3436 hic,
646 3361 840 3438 Quintiliane,
862 3365 1001 3423 colorem.
1187 3372 1234 3419 280

284 3552 331 3612 248
364 3551 477 3612 masna]
497 3553 601 3603 nudibus
611 3554 649 3603 P:
667 3554 816 3623 sueinuspa
924 3530 927 3535 ⁴
962 3564 1010 3614 270
1037 3559 1095 3600 tunc
1106 3551 1186 3614 gravis
1199 3568 1232 3597 a:

234 3647 290 3681 cnm
300 3633 420 3698 gravisP

1111 3759 1196 3819 ’δυ-’ζ
