2992 4134
556 381 667 430 LIBER
690 382 727 432 11.
750 383 895 432 SATVRA
919 386 965 433 Vl.

259 528 393 587 mordeat
414 537 484 586 ante
505 527 610 603 aliquis
631 527 779 604 quidquid
801 530 961 604 porrexerit
983 531 1032 587 illa

257 643 335 698 quae
356 623 480 700 peperit,
501 622 623 682 timidus
644 634 815 701 praegustet
836 625 947 698 pocula
967 642 1070 700 papas.

257 721 395 799 fingimus
416 724 490 781 haec
510 723 602 780 altum
624 734 722 782 satura
743 732 880 782 sumente
901 722 1077 781 cothurnum

257 819 379 892 scilicet,
401 833 430 879 et
452 820 542 878 finem
564 819 673 896 egressi
694 822 849 895 legemque
872 820 1001 894 priorum

257 917 369 994 grande
390 919 560 995 Sophocleo
581 936 701 977 carmen
722 918 903 976 bacchamur
924 917 1016 989 hiatu,

258 1013 411 1074 montibus
431 1014 567 1091 ignotum
589 1013 708 1074 Rutulis
729 1015 874 1089 caeloque
895 1013 1027 1072 Latino?

258 1132 312 1172 nos
334 1112 448 1172 utinam
468 1112 545 1171 vani.
588 1114 641 1172 sed
662 1113 771 1170 clamat
792 1109 899 1170 Pontia
922 1109 1004 1182 ‘feci

258 1210 410 1282 confiteor,
433 1209 591 1286 puerisque
612 1208 687 1269 meis
707 1207 826 1268 aconita
847 1207 954 1286 paravi,

258 1326 335 1382 quae
356 1309 503 1384 deprensa
522 1318 625 1383 patent
635 1327 644 1380 3
671 1304 784 1365 facinus
805 1317 905 1366 tamen
926 1305 991 1383 ipsa
1011 1305 1129 1384 peregi!
1209 1317 1258 1379 640

258 1416 330 1464 tune
351 1406 427 1464 duos
448 1424 515 1476 una,
537 1402 708 1463 saevissima
728 1403 838 1480 vipera,
860 1405 958 1463 cena?

258 1513 330 1560 tune
351 1503 450 1561 duos?
478 1507 619 1577 ‘septem
642 1500 666 1561 si
688 1514 803 1576 septem
824 1502 900 1561 forte
920 1500 1063 1560 fuissent!

257 1600 414 1658 credamus
435 1597 552 1674 tragicis
572 1598 720 1675 quidquid
741 1600 779 1658 de
801 1597 948 1659 Colchide
970 1610 1053 1658 torva

257 1695 365 1755 dicitur
385 1705 415 1755 et
435 1698 560 1770 Progne,
583 1694 626 1754 nil
646 1708 752 1755 contra
772 1715 873 1756 conor.
917 1707 946 1754 et
967 1695 1036 1755 illae

256 1793 379 1871 grandia
400 1805 531 1852 monstra
551 1792 612 1852 suis
633 1795 784 1854 audebant
805 1793 999 1871 temporibus
1022 1795 1074 1854 sed
1208 1806 1255 1870 645

257 1911 319 1951 non
340 1902 461 1968 propter
480 1910 626 1950 nummos.
669 1890 766 1952 minor
786 1890 943 1952 admiratio
964 1891 1086 1951 summis

256 1988 383 2046 debetur
403 1988 549 2059 monstris,
573 1987 710 2065 quotiens
732 1990 802 2051 facit
823 1990 865 2050 ira
886 2002 1027 2050 nocentes

257 2087 338 2144 hunc
359 2106 480 2147 sexum:
507 2087 589 2146 rabie
609 2086 691 2147 iecur
710 2087 889 2149 incendente
910 2089 1043 2148 feruntur

258 2183 433 2262 praecipites
454 2196 486 2244 ut
508 2204 578 2243 saxa
597 2183 673 2262 iugis
694 2188 828 2263 abrupta,
851 2185 960 2263 quibus
981 2206 1068 2246 mons

258 2283 439 2342 subtrahitur
459 2282 594 2359 clivoque
615 2285 691 2343 latus
712 2287 863 2360 pendente
884 2285 1015 2345 recedit:
1206 2297 1255 2360 650

258 2380 339 2436 illam
360 2398 416 2454 ego
437 2398 497 2438 non
519 2378 644 2453 tulerim,
667 2400 744 2457 quae
765 2392 909 2457 conputat
929 2392 959 2442 et
980 2383 1076 2441 scelus
1097 2381 1201 2460 ingens

258 2494 330 2533 sana
350 2474 427 2534 facit
469 2487 607 2552 spectant
627 2479 804 2537 subeuntem
826 2478 886 2536 fata
906 2476 1001 2537 mariti

257 2573 411 2644 Alcestim,
432 2585 462 2633 et
483 2574 586 2634 similis
607 2576 631 2636 si
653 2576 831 2652 permutatio
852 2577 945 2649 detur,

256 2672 352 2729 morte
373 2670 426 2728 viri
446 2670 567 2746 cupiant
587 2671 717 2732 animam
739 2693 855 2733 servare
875 2676 1006 2734 catellae.

258 2779 412 2828 occurrent
432 2771 542 2829 multae
564 2770 618 2830 tibi
639 2770 759 2831 Belides
780 2782 870 2848 atque
892 2771 1051 2850 Eriphylae
1206 2783 1253 2847 655

257 2887 353 2939 mane,
375 2868 620 2943 Clytaemestram
641 2871 741 2928 nullus
763 2889 824 2930 non
845 2868 927 2929 vicus
949 2871 1077 2931 habebit.

257 2964 315 3023 hoc
336 2975 450 3024 tanturn
472 2967 567 3037 refert,
591 2967 673 3042 quod
695 2967 841 3043 Tyndaris
862 2967 912 3027 illa
933 2968 1095 3045 bipennem

256 3061 396 3120 insulsam
418 3074 448 3122 et
468 3064 579 3123 fatuam
601 3065 704 3123 dextra
723 3066 866 3142 laevaque
889 3069 1017 3139 tenebat,

253 3170 286 3217 at
306 3179 387 3218 nunc
407 3180 453 3220 res
473 3160 567 3237 agitur
588 3160 670 3220 tenui
690 3163 834 3239 pulmone
854 3165 1018 3222 rubetae-

252 3258 309 3317 sed
330 3269 429 3317 tamen
451 3269 480 3317 et
500 3260 585 3331 ferro,
608 3257 633 3316 si
653 3258 851 3334 praegustabit
873 3259 990 3319 Atrides
1205 3270 1253 3318 660

256 3355 382 3414 Pontica
403 3367 447 3415 ter
466 3353 536 3415 victi
558 3365 660 3414 cautus
682 3355 882 3416 medicamina
903 3357 987 3434 regis.

304 3577 351 3642 647
386 3586 502 3627 nocentes
512 3579 578 3629 PT:
595 3585 726 3626 nocentem
732 3585 773 3641 pu
849 3577 898 3627 660
929 3578 1096 3643 praegustabit
1109 3581 1164 3627 PS:
1182 3595 1250 3641 prae·

248 3667 364 3723 gustaret
370 3668 411 3723 pu

437 3854 546 3874 Α
