2992 4134
512 353 622 400 iruna
646 353 697 401 un
719 352 864 401 serven
886 351 963 399 vnn
1197 351 1239 413 59

240 499 303 578 ipse
323 512 420 561 rotam
440 498 595 578 adstringit
615 498 782 559 sufflamine
803 498 897 559 mulio
917 499 1032 568 consul,

239 608 328 657 nocte
350 597 481 674 quidem,
503 598 557 656 sed
579 599 665 656 Luna
686 595 777 669 videt,
799 598 853 656 sed
873 595 972 656 sidera
992 606 1082 654 testes

239 695 400 755 intendunt
421 697 532 755 oculos
575 693 692 753 finitum
714 706 832 772 tempus
852 691 974 754 honoris

239 812 308 852 cum
329 792 423 864 luerit,
445 794 525 851 clara
545 793 711 852 Lateranus
730 792 799 852 luce
820 791 969 869 flagellum

239 901 336 950 sumet
356 901 386 950 et
407 909 563 950 occursum
585 908 751 965 numquam
772 887 932 966 trepidabit
952 886 1042 947 amici

240 986 298 1045 iam
320 986 399 1047 senis
420 1007 456 1047 ac
476 987 558 1064 virga
576 986 657 1066 prior
676 998 790 1046 annuet
809 999 899 1064 atque
920 985 1069 1062 maniplos

240 1085 334 1145 solvet
355 1095 385 1145 et
405 1083 542 1144 infundet
563 1082 702 1155 iumentis
723 1085 947 1188 hordeaslssps

240 1180 359 1252 interea,
381 1184 452 1242 dum
465 1139 596 1242 Ἠῖἒς
607 1182 776 1258 robumque
795 1144 978 1241 ίιινὲἧδωῖ]

240 1297 323 1337 more
344 1279 464 1338 Numae
484 1277 592 1351 caedit,
615 1277 696 1338 lovis
715 1288 786 1338 ante
806 1279 909 1338 altaria
928 1278 1004 1338 iurat

240 1376 334 1435 solam
356 1378 494 1453 Eponam
516 1388 546 1436 et
566 1375 656 1436 facies
677 1376 760 1436 olida
778 1377 819 1436 ad
838 1374 993 1453 praesepia
1012 1375 1117 1453 pictas.

240 1473 293 1532 sed
314 1493 382 1534 cum
404 1473 560 1551 pervigiles
580 1476 679 1552 placet
699 1473 862 1534 instaurare
882 1474 1018 1551 popinas,

240 1572 344 1630 obvius
364 1570 491 1631 adsiduo
512 1571 717 1648 Syrophoenix
737 1583 844 1631 unctus
864 1589 984 1631 amomo

240 1666 336 1738 currit,
359 1669 520 1745 Idymaeae
541 1669 746 1745 Syrophoenix
766 1669 865 1728 incola
885 1680 990 1746 portae

240 1763 366 1840 hospitis
386 1766 505 1824 adfectu
526 1765 682 1825 dominum
703 1785 864 1842 regemque
884 1767 1001 1837 salutat,

241 1873 270 1922 et
291 1881 359 1921 cum
380 1862 479 1922 venali
500 1863 604 1940 Cyane
624 1863 776 1948 succincta
796 1867 911 1941 lagona

240 1961 379 2021 defensor
399 1963 505 2039 culpae
526 1961 606 2022 dicet
626 1961 700 2021 mihi
721 1962 863 2022 ‘fecimus
883 1974 914 2023 et
934 1981 991 2022 nos

241 2059 314 2117 haec
335 2058 474 2118 iuvenes!
516 2070 589 2131 esto,
611 2057 714 2118 desisti
734 2079 844 2136 nempe
864 2079 921 2120 nec
942 2061 1018 2120 ultra

240 2153 339 2214 fovisti
359 2173 494 2214 errorem.
537 2155 627 2215 breve
648 2153 685 2213 sit
706 2156 789 2232 quod
809 2155 934 2232 turpiter
952 2157 1055 2226 audes,

240 2254 387 2330 quaedam
409 2273 478 2312 cum
500 2252 595 2329 prima
615 2265 786 2314 resecentur
806 2253 931 2313 crimina
950 2253 1049 2312 barba

241 2352 360 2428 indulge
381 2351 499 2411 veniam
520 2350 636 2428 pueris:
667 2354 831 2412 Lateranus
851 2352 891 2412 ad
910 2351 977 2411 illos

241 2451 419 2511 thermarum
440 2449 547 2508 calices
569 2448 770 2528 inscriptaque
790 2449 882 2508 lintea
901 2449 983 2508 vadit
1035 2518 1038 2525 .

241 2561 373 2606 maturus
393 2548 473 2620 bello
494 2545 655 2606 Armeniae
676 2544 835 2624 Syriaeque
857 2545 975 2604 tuendis

241 2645 377 2704 amnibus
398 2655 429 2704 et
449 2644 560 2704 Rheno
580 2655 670 2720 atque
692 2644 807 2703 Histro.
849 2653 997 2720 praestare
1019 2643 1171 2702 Neronem
1195 2662 1240 2713 170

241 2763 377 2804 securum
397 2743 475 2802 valet
496 2743 571 2802 haec
591 2754 682 2803 aetas.
724 2741 811 2802 mitte
832 2741 926 2814 Ostia,
949 2743 1068 2816 Caesar,

241 2840 333 2912 mitte,
355 2839 409 2898 sed
429 2838 460 2896 in
475 2855 590 2917 ’magna
610 2842 740 2917 legatum
761 2858 870 2916 quaere
890 2837 1020 2915 popina;

241 2936 373 2997 invenies
394 2935 494 3013 aliquo
515 2957 585 2996 cum
606 2956 780 3013 percussore
801 2938 958 3011 iacentem,

240 3033 417 3110 permixtum
439 3033 537 3093 nautis
557 3044 589 3094 et
608 3033 721 3094 furibus
741 3054 777 3094 ac
798 3034 937 3111 fugitivis,

242 3131 318 3192 inter
338 3131 491 3191 carnifices
513 3142 542 3192 et
564 3132 663 3192 fabros
684 3132 907 3208 sandapilarum

241 3241 270 3288 et
291 3228 453 3306 resupinati
473 3228 620 3289 cessantia
640 3239 785 3307 tympana
804 3229 881 3305 galli.

291 3473 337 3534 148
369 3469 507 3520 sufflamine
529 3472 607 3520 mulio
629 3471 743 3536 blorileg.
769 3469 900 3535 Sangnll.:
930 3468 1022 3518 ‘mulio
1039 3475 1076 3519 est
1093 3470 1135 3534 qui
1155 3472 1239 3520 consul

243 3550 362 3602 lertur’S
368 3553 429 3601 onl.
445 3566 506 3614 157:
524 3553 603 3601 multo
615 3551 753 3602 sufflamine
766 3555 807 3602 Po
875 3567 919 3616 155
947 3552 1240 3616 robumqueSFlorileg.

242 3637 369 3699 Sangnle
387 3650 528 3698 *saumque
540 3637 580 3686 Ps
597 3642 743 3700 torvumque
750 3643 791 3700 po
