2992 4134
511 379 622 429 LIBER
646 381 677 429 V.
701 381 846 431 SATVRA
870 380 941 429 XIV.

224 548 294 587 nam
316 527 416 604 siquid
437 527 559 605 dignum
581 531 710 588 censoris
732 529 834 589 fecerit
856 529 897 588 ira

223 626 408 702 quandoque
429 638 458 686 et
480 627 606 687 similem
627 627 681 688 tibi
702 647 733 688 se
756 647 817 688 non
839 647 962 704 corpore
984 638 1098 686 tantum

223 742 281 783 nec
301 726 384 782 vultu
407 724 530 797 dederit,
553 743 670 784 morum
692 745 813 801 quoque
834 724 909 784 filius
932 736 960 785 et
983 725 1034 800 qui

223 821 327 881 omnia
348 822 476 882 deterius
498 834 549 882 tua
569 843 623 899 per
643 822 767 899 vestigia
788 833 900 899 peccet,

223 917 366 994 corripies
388 919 526 978 nimimm
548 932 578 980 et
599 919 758 997 castigabis
779 921 886 979 acerbo

224 1017 355 1075 clamore
377 1037 412 1076 ac
432 1028 500 1093 post
521 1018 596 1077 haec
617 1018 734 1077 tabulas
756 1029 869 1078 mutare
891 1015 1030 1094 parabis?

224 1115 306 1173 unde
329 1115 381 1175 tibi
402 1116 529 1175 frontem
552 1115 781 1191 libertatemque
802 1114 940 1192 parentis

224 1232 295 1272 cum
317 1210 407 1271 facias
429 1212 530 1288 peiora
552 1232 643 1272 senex
663 1232 850 1288 vacuumque
871 1212 991 1272 cerebro

225 1309 286 1368 iarn
308 1309 425 1385 pridem
446 1320 535 1387 caput
556 1312 614 1370 hoc
636 1321 760 1370 ventosa
780 1308 933 1369 cucurbita
953 1310 1097 1385 quaerat?

267 1406 385 1483 hospite
408 1418 532 1466 venturo
553 1409 682 1467 cessabit
703 1426 793 1466 nemo
814 1417 940 1466 tuorum.

227 1507 327 1561 ‘verre
349 1500 563 1578 pavimentum,
584 1501 696 1562 nitidas
716 1503 843 1563 ostende
864 1502 1026 1572 columnas,
1197 1510 1230 1558 60

225 1599 308 1656 arida
329 1619 397 1657 cum
419 1610 483 1659 tota
505 1600 669 1659 descendat
689 1618 798 1658 aranea
818 1600 894 1672 tela3

226 1695 275 1754 hic
296 1697 361 1756 leve
383 1707 545 1773 argentum,
568 1716 638 1755 vasa
659 1715 765 1774 aspera
786 1703 896 1771 tergeat
918 1693 1006 1752 alter'

225 1813 285 1853 vox
306 1794 422 1855 domini
441 1794 510 1853 furit
531 1793 667 1854 instantis
689 1794 860 1872 virgamque
882 1791 1017 1852 tenentis,

225 1912 296 1968 ergo
318 1892 406 1952 miser
426 1890 564 1968 trepidae,
587 1911 624 1952 ne
645 1903 774 1952 stercore
796 1893 886 1952 foeda
907 1891 1016 1950 canino

226 1989 302 2048 atria
322 1989 499 2067 displiceant
521 1990 613 2050 oculis
634 1990 782 2050 venientis
804 1989 900 2063 amici,

226 2107 265 2146 ne
287 2090 405 2162 perlusa
425 2092 488 2148 luto
509 2088 547 2148 sit
567 2087 707 2166 porticus,
730 2101 760 2149 et
781 2100 881 2148 tamen
902 2107 962 2148 uno

226 2185 363 2245 semodio
383 2184 482 2246 scobis
506 2188 580 2246 haec
600 2188 740 2247 emendat
762 2187 893 2246 servulus
914 2205 1008 2246 unus:

226 2281 301 2339 illud
322 2300 383 2339 non
403 2280 504 2357 agitas,
527 2292 559 2340 ut
580 2292 714 2341 sanctam
736 2281 813 2340 lilius
835 2281 917 2340 omni

226 2377 349 2454 aspiciat
371 2377 434 2437 sine
454 2379 523 2437 labe
543 2378 667 2437 domum
689 2376 820 2453 vitioque
841 2378 1015 2437 carentem?

227 2486 342 2551 gratum
364 2485 407 2534 est
429 2475 511 2550 quod
532 2475 643 2552 patriae
666 2474 760 2535 civem
782 2477 953 2552 populoque
975 2472 1091 2545 dedisti,
1198 2495 1229 2544 70

228 2570 253 2629 si
274 2570 346 2631 facis
367 2582 400 2631 ut
420 2572 514 2650 patria
535 2572 572 2631 sit
593 2572 728 2645 idoneus,
752 2572 832 2632 utilis
852 2571 938 2648 agris,

228 2667 308 2727 utilis
330 2680 360 2728 et
380 2670 525 2729 bellorum
548 2681 578 2730 et
598 2670 680 2747 pacis
701 2670 790 2730 rebus
811 2668 944 2747 agendis.

227 2764 386 2843 plurimum
407 2768 487 2826 enim
507 2768 638 2828 intererit
659 2769 768 2846 quibus
790 2769 901 2829 artibus
921 2779 950 2828 et
969 2767 1078 2844 quibus
1097 2767 1178 2827 hunc
1196 2778 1228 2826 tu

227 2862 361 2922 moribus
382 2864 525 2928 instituas.
569 2878 706 2946 serpente
727 2866 844 2926 ciconia
864 2867 961 2944 pullos

228 2961 318 3020 nutrit
339 2972 369 3021 et
389 2964 509 3024 inventa
530 2985 583 3042 per
603 2965 690 3027 devia
709 2986 777 3025 rura
797 2966 925 3024 lacerta:
1197 2981 1228 3034 75

228 3058 270 3118 illi
290 3060 396 3119 eadem
418 3063 544 3141 sumptis
565 3075 712 3141 quaerunt
732 3063 873 3123 animalia
892 3061 999 3141 pinnis.

228 3157 326 3216 vultur
345 3157 479 3220 iumento
501 3171 531 3221 et
551 3162 676 3224 canibus
697 3162 895 3238 crucibusque
917 3158 1024 3220 relictis

227 3256 267 3314 ad
287 3256 364 3315 setus
384 3269 522 3333 properat
543 3272 721 3337 partemque
742 3259 893 3318 cadaveris
915 3258 1028 3318 adfert:

227 3348 276 3408 hic
297 3362 342 3411 est
363 3372 432 3429 ergo
453 3354 537 3414 cibus
559 3356 658 3433 magni
680 3375 802 3432 quoque
823 3353 945 3414 vulturis
967 3366 995 3415 et
1017 3373 1049 3414 se

283 3592 316 3639 52
346 3580 392 3642 qui
399 3582 468 3630 1⁰7⁷:
483 3598 540 3632 cum
544 3592 568 3648 p
720 3586 756 3656 63
791 3589 914 3644 iuritP:
930 3584 1210 3642 lrern'norlremato

544 3676 576 3728 71
613 3673 760 3736 patriaP:
777 3679 888 3746 patriae
901 3697 934 3732 ω.

271 3773 341 3829 ⁰⁶1·
