2992 4134
248 334 288 413 38
644 345 843 396 1vvuunn1s

246 495 410 572 respondes
431 493 485 565 his,
509 495 583 554 Iane
603 496 708 572 pater?
734 513 844 572 magna
865 494 926 554 otia
946 494 1039 570 caeli;

247 613 308 653 non
330 604 384 665 est,
406 593 488 669 quod
509 593 607 666 video,
630 611 692 651 non
713 604 759 653 est
780 592 863 668 quod
884 603 986 669 agatur
1006 605 1077 670 aput
1097 613 1160 653 vos.
1202 615 1250 667 395

247 694 322 752 haec
343 694 382 752 de
403 690 556 751 comoedis
577 702 607 752 te
628 689 765 762 consulit,
788 690 839 750 illa
859 693 1034 768 tragoedum

247 790 459 850 commendare
479 791 568 862 volet,
591 788 741 849 varicosus
762 790 814 848 fiet
834 789 988 867 harusperc

288 889 342 947 sed
363 898 463 948 cantet
484 888 583 964 potius
604 907 695 965 quam
717 897 812 946 totam
834 890 967 963 pervolet
988 890 1099 962 urbem,

248 989 345 1047 audax
366 998 396 1047 et
416 1000 520 1047 coetus
541 985 733 1063 possitquae
754 986 828 1044 ferre
848 982 976 1044 virorum

248 1104 378 1160 cumque
397 1082 546 1162 paludatis
568 1083 693 1143 ducibus
714 1092 870 1159 praesente
892 1081 998 1143 marito
1200 1106 1252 1155 400

248 1182 313 1260 ipsa
332 1181 414 1257 loqui
435 1193 516 1241 recta
536 1180 611 1242 facie
632 1180 779 1257 siccisque
800 1179 945 1240 mamillis.

248 1281 322 1340 haec
343 1282 448 1340 eadem
469 1279 553 1340 novit
574 1280 646 1356 quid
667 1290 731 1340 toto
752 1281 804 1338 fiat
824 1277 855 1338 in
876 1281 956 1350 orbe,

249 1378 321 1454 quid
342 1381 435 1450 Seres,
457 1377 531 1454 quid
553 1379 683 1438 Thraces
704 1387 802 1454 agant,
825 1388 938 1437 secreta
959 1397 1104 1439 novercae

248 1488 278 1538 et
298 1476 390 1553 pueri,
412 1475 478 1551 quis
499 1486 587 1549 amet,
611 1474 676 1552 quis
698 1475 853 1553 diripiatur
873 1476 997 1536 adulter.
1069 1497 1072 1502 ·
1200 1499 1250 1548 404

248 1575 408 1635 instantem
428 1577 488 1652 regi
511 1573 654 1635 Armenio
676 1575 846 1650 Parthoque
867 1585 1016 1634 cometem

248 1673 344 1751 prima
364 1672 453 1747 videt,
475 1675 586 1732 famam
607 1691 800 1749 rumoresque
822 1672 873 1732 illa
893 1672 1020 1733 recentis

249 1770 359 1846 excipit
380 1771 419 1829 ad
440 1782 548 1847 portas,
570 1772 717 1847 quosdam
739 1770 828 1845 lacit3
857 1770 914 1831 isse
935 1770 1098 1849 Niphatem

249 1869 279 1927 in
301 1869 429 1945 populos
450 1887 620 1944 magnoque
641 1867 701 1927 illic
722 1880 831 1928 cuncta
851 1889 921 1928 arva
941 1868 1035 1928 teneri
1200 1891 1250 1941 410

248 1965 369 2039 diluvio,
393 1976 497 2024 nutare
518 1966 614 2037 urbes,
637 1964 791 2027 subsidere
812 1977 902 2026 terras

249 2080 441 2139 quocumque
461 2061 492 2120 in
514 2061 600 2121 trivio
621 2061 801 2139 cuicumque
822 2074 867 2123 est
887 2063 985 2137 obvia,
1007 2073 1112 2123 narrat.

290 2179 346 2219 nec
368 2170 467 2218 tamen
489 2158 521 2218 id
541 2158 645 2218 vitium
666 2160 759 2237 magis
781 2161 967 2222 intolerabile
988 2181 1078 2238 quam
1099 2180 1176 2238 quae

250 2259 362 2318 vicinos
384 2256 512 2317 humiles
532 2277 634 2334 rapere
656 2270 686 2318 et
707 2258 865 2319 concidere
886 2259 956 2319 loris

250 2367 369 2414 exorata
391 2358 474 2416 solet.
517 2376 588 2415 nam
609 2356 634 2416 si
655 2357 807 2417 latratibus
829 2357 881 2417 alti
1200 2379 1248 2430 415

249 2467 425 2531 rumpuntur
445 2455 550 2527 somni,
575 2456 684 2515 ‘fustes
705 2456 765 2515 huc
786 2454 886 2515 ocius'
906 2455 1004 2532 inquit

252 2553 397 2611 ‘adferte'
418 2563 507 2628 atque
528 2552 586 2612 illis
607 2554 764 2614 dominum
785 2553 868 2613 iubet
889 2565 959 2614 ante
980 2552 1064 2624 feriri,

250 2647 360 2709 deinde
380 2668 493 2708 canem.
536 2649 632 2726 gravis
654 2670 786 2722 occursu,
800 2651 976 2711 ‘taeterrima
996 2652 1079 2709 vultu

249 2747 357 2805 balnea
378 2756 466 2805 nocte
487 2747 573 2818 subit,
596 2749 725 2807 conchas
747 2758 778 2807 et
798 2758 894 2807 castra
915 2747 1028 2808 moveri

250 2855 338 2904 nocte
359 2843 449 2914 iubet,
473 2863 580 2920 magno
600 2846 709 2920 gaudet
730 2846 836 2905 sudare
858 2849 996 2919 tumultu,
1199 2869 1250 2916 420

250 2962 318 3001 cum
339 2944 447 3000 lassata
467 2941 548 3017 gravi
568 2941 739 3001 ceciderunt
760 2943 899 3003 bracchia
919 2963 1023 3002 massa

250 3039 393 3098 convivae
414 3039 513 3099 miseri
535 3039 646 3099 interea
667 3058 835 3117 somnoque
855 3043 993 3118 fameque

250 3150 420 3215 urguentur.
461 3139 583 3197 tandem
605 3136 655 3196 illa
675 3138 757 3196 venit
777 3138 983 3211 rubicundula,
1006 3149 1102 3197 totum
1200 3160 1248 3213 4²5

250 3238 455 3312 oenophorum
476 3235 587 3309 sitiens,
610 3238 699 3312 plena
719 3237 801 3311 quod
822 3236 953 3295 tenditur
974 3255 1047 3294 urna

249 3335 403 3394 admotum
425 3333 563 3409 pedibus,
586 3336 624 3394 de
645 3353 706 3410 quo
728 3333 870 3394 sextarius
890 3335 964 3392 alter

249 3433 368 3492 ducitur
388 3443 457 3492 ante
479 3431 578 3491 cibum
600 3432 733 3491 rabidam
755 3433 884 3491 facturus
906 3429 1027 3490 orexim.

298 3564 346 3611 404
378 3547 555 3612 diripiaturP:
573 3546 755 3611 decipiaturpu
845 3559 892 3608 415
925 3551 1069 3594 exoratam:
1087 3552 1198 3595 exortata
1211 3547 1246 3595 P:

246 3632 352 3695 perhaps
363 3639 507 3695 experrecta
