2992 4134
275 391 332 453 {14
446 385 646 436 IVVENALIS
669 386 780 435 LIBER
803 385 834 435 V.
857 384 1000 435 SATVRA
1022 385 1095 434 XVI.

269 532 458 611 digredimur,
479 534 619 608 lentaque
639 530 694 591 fori
714 550 880 609 pugnamus
901 533 1017 591 harena

269 640 314 689 ast
335 629 393 689 illis
413 649 489 706 quos
510 650 593 689 arma
613 640 716 706 tegunt
737 641 768 688 et
789 630 903 689 balteus
923 627 1025 704 ambit,

270 729 351 803 quod
372 726 515 803 placitum
527 741 581 787 est
602 727 674 803 ipsis
694 737 859 804 praestatur
880 737 999 804 tempus
1019 723 1136 803 agendi,

270 847 327 886 nec
348 847 394 886 res
415 826 547 886 atteritur
568 827 658 903 longo
679 826 845 884 sufflamine
865 824 932 884 litis.
1241 843 1271 898 5⁰

312 924 390 982 solis.
403 935 556 1000 praeterea
577 921 705 982 testandi
728 921 870 981 militibus
891 921 936 980 ius

271 1021 338 1080 vivo
359 1033 441 1096 patre
463 1022 557 1079 datur.
601 1039 669 1078 nam
691 1038 768 1094 quae
789 1029 858 1078 sunt
878 1028 963 1094 parta
982 1019 1084 1078 labore

272 1117 401 1190 militiae,
423 1118 534 1193 placuit
556 1136 617 1175 non
639 1135 704 1175 esse
725 1116 757 1174 in
778 1134 903 1192 corpore
925 1134 1041 1188 census,

272 1233 362 1273 omne
384 1224 466 1273 tenet
487 1212 572 1271 cuius
593 1212 724 1289 regimen
746 1223 837 1287 pater.
881 1231 951 1288 ergo
973 1212 1125 1271 Coranum

272 1311 421 1389 signorum
443 1312 584 1370 comitem
606 1322 829 1386 castrorumque
850 1330 918 1369 aera
938 1321 1101 1369 merentem
1177 1331 1178 1334 ¹
1243 1329 1272 1383 55

272 1409 408 1484 quamvis
429 1409 486 1467 iam
509 1410 650 1469 tremulus
670 1419 771 1483 captat
794 1419 893 1484 pater3
921 1408 1001 1466 hunc
1022 1409 1103 1468 favor
1124 1426 1239 1484 aequus

274 1505 409 1582 provehit
430 1517 459 1566 et
480 1507 603 1582 pulchro
624 1505 721 1565 reddit
742 1525 795 1564 sua
816 1506 896 1564 dona
916 1506 1019 1564 labori.
1086 1581 1087 1584 Ἴ

274 1603 365 1678 ipsius
386 1616 464 1662 certe
486 1602 571 1662 ducis
592 1604 650 1662 hoc
671 1605 777 1661 referre
799 1601 915 1661 videtur

274 1711 306 1759 ut
328 1699 379 1776 qui
399 1700 482 1759 fortis
503 1699 565 1771 erit,
588 1699 625 1758 sit
646 1699 831 1759 felicissimus
853 1699 941 1769 idem,

275 1809 306 1855 ut
327 1796 397 1855 laeti
417 1798 545 1874 phaleris
565 1815 669 1855 omnes
691 1807 720 1854 et
741 1795 904 1872 torquibus,
926 1815 1031 1856 omnes
1241 1806 1275 1855 60

356 1895 374 1929 'k
537 1895 555 1928 'k
717 1894 736 1929 ἰ·
898 1893 916 1928 lt
1015 1919 1018 1924 -
1075 1896 1092 1929 li

404 2089 436 2138 49
469 2073 528 2136 ipsis
539 2074 601 2121 PT:
619 2073 698 2121 illisu

406 2149 437 2212 56
469 2153 538 2198 favor
550 2153 671 2214 Ruperti:
689 2151 760 2199 labor
771 2151 812 2198 Pu

406 2232 437 2280 60
454 2233 477 2280 is
487 2232 526 2280 tlte
537 2233 585 2280 last
596 2234 612 2280 l.
626 2249 657 2280 on
670 2233 708 2280 tlte
721 2234 769 2280 last
774 2241 838 2296 paga
848 2233 879 2297 qs
883 2234 922 2281 the
932 2234 980 2281 last
992 2231 1105 2297 quircos
1111 2233 1136 2280 P
