2992 4134
544 363 655 413 LIBER
678 363 717 413 11.
739 363 883 413 SATVRA
906 362 952 413 VI.
1207 364 1247 429 37

247 532 304 573 nec
324 511 437 585 melior,
460 511 573 572 silicem
594 511 722 589 pedibus
742 529 820 586 quae
841 510 968 571 conterit
989 520 1093 586 atrum,
1200 533 1249 586 350

247 629 337 685 quam
358 628 435 686 quae
454 611 612 686 longorum
631 608 748 668 vehitur
766 607 881 667 cervice
902 609 1048 684 Syrorum.

247 719 280 768 ut
301 718 417 784 spectet
437 709 534 781 ludos,
556 706 699 767 conducit
720 705 851 784 Ogulnia
871 718 994 780 vestem,

247 806 390 866 conducit
409 805 534 866 comites
555 808 656 867 sellam
679 806 803 865 cervical
824 805 935 864 amicas

248 905 393 964 nutricem
414 915 444 965 et
465 904 570 964 flavam
592 904 641 964 cui
662 907 713 965 det
735 905 876 963 mandata
896 905 1035 980 puellam.

248 1004 322 1062 haec
343 1014 442 1062 tamen
463 1001 576 1078 argenti
597 1011 733 1078 superest
754 1003 967 1076 quodcumque
988 999 1112 1075 paterni,
1201 1021 1246 1075 355

248 1100 363 1159 levibus
383 1099 501 1159 athletis
522 1109 552 1159 et
572 1118 644 1159 vasa
663 1099 827 1158 novissima
847 1099 957 1159 donat:

249 1197 348 1257 multis
368 1217 416 1258 res
435 1207 561 1275 angusta
581 1196 674 1269 dorni,
696 1199 750 1257 sed
772 1198 854 1256 nulla
874 1199 1019 1274 pudorem

249 1294 428 1372 paupertatis
448 1295 539 1355 habet
560 1313 617 1354 nec
637 1312 670 1354 se
690 1293 812 1354 metitur
831 1296 871 1354 ad
892 1294 974 1355 illum

248 1411 337 1468 quem
352 1394 437 1453 dedit
450 1395 525 1453 haec
543 1392 702 1470 posuitque
721 1394 854 1453 modum.
898 1404 998 1452 tamen
1017 1394 1089 1453 utile
1108 1393 1180 1470 quid
1199 1394 1245 1465 sit,

248 1491 434 1567 prospiciunt
453 1491 617 1568 aliquando
638 1489 700 1564 viri,
722 1489 873 1568 frigusque
895 1493 1064 1567 famemque
1199 1502 1248 1566 360

247 1588 371 1648 formica
392 1589 513 1648 tandem
535 1586 657 1664 quidam
680 1606 825 1665 expavere
847 1587 1002 1665 magistra:

247 1687 372 1764 prodiga
392 1705 454 1746 non
476 1685 565 1745 sentit
586 1696 760 1761 pereuntem
780 1686 892 1745 semina
913 1703 1044 1745 censum.

246 1804 283 1845 ac
302 1786 383 1844 velut
404 1785 548 1844 exhausta
567 1783 714 1844 redivivus
735 1785 860 1861 pullulet
880 1803 948 1843 arca

247 1902 388 1942 nummus
410 1892 440 1942 et
460 1901 478 1942 e
499 1883 590 1959 pleno
611 1881 731 1941 tollatur
751 1900 869 1957 semper
889 1900 1004 1953 acervo,

246 2000 309 2040 non
330 1998 457 2055 usquam
477 1989 625 2054 reputant,
646 1978 753 2055 quanti
772 1978 828 2038 sibi
848 1978 957 2056 gaudia
978 1990 1122 2038 constent.
1200 1991 1245 2053 365

288 2078 313 2138 si
333 2080 444 2156 gaudet
464 2087 554 2136 cantu
575 2079 686 2150 mulier,
707 2085 779 2136 sunt
797 2096 907 2154 organa
928 2096 1044 2153 semper
1199 2087 1247 2151 380

248 2177 279 2234 in
301 2176 447 2250 manibus,
470 2174 556 2235 densi
577 2174 692 2235 radiant
713 2173 862 2235 testudine
883 2186 947 2236 tota

248 2272 456 2348 sardonyches,
479 2270 577 2347 crispo
598 2282 789 2331 numerantur
810 2270 929 2346 pectine
950 2271 1088 2331 chordae.

248 2388 308 2445 quo
330 2380 413 2429 tener
434 2369 620 2446 Hedymeles
641 2388 747 2446 operas
768 2367 860 2442 dedit,
883 2369 962 2428 hunc
983 2379 1074 2443 tenet,
1096 2371 1154 2429 hoc
1176 2389 1207 2429 se

248 2466 366 2538 solatur,
388 2477 533 2543 gratoque
554 2465 689 2544 indulget
710 2465 794 2525 basia
815 2467 937 2542 plectro.

248 2565 395 2639 quaedam
418 2566 457 2624 de
477 2584 603 2624 numero
625 2563 794 2623 Lamiarum
815 2583 851 2624 ac
871 2562 1001 2623 nominis
1022 2563 1100 2642 Appi
1200 2574 1247 2636 385

248 2671 277 2719 et
298 2662 373 2720 farre
393 2671 424 2721 et
444 2659 514 2721 vino
536 2664 644 2721 Ianum
665 2661 850 2735 Vestamque
871 2660 1001 2737 rogabat,

248 2777 286 2816 an
308 2757 509 2834 Capitolinam
531 2759 653 2819 deberet
674 2759 771 2819 Pollio
793 2777 935 2834 quercum

249 2873 366 2930 sperare
387 2867 417 2916 et
437 2856 546 2916 fidibus
567 2855 748 2932 promittere.
792 2854 864 2931 quid
885 2857 995 2916 faceret
1016 2859 1082 2934 plus

249 2962 419 3029 aegrotante
440 2953 511 3026 viro,
535 2953 659 3014 medicis
681 2953 755 3030 quid
776 2952 908 3013 tristibus
929 2972 997 3031 erga

248 3049 394 3109 filiolum?
421 3053 502 3110 stetit
522 3062 592 3111 ante
614 3071 693 3110 aram
716 3070 772 3110 nec
793 3062 878 3128 turpe
899 3051 1015 3128 putavit
1200 3074 1248 3125 390

248 3165 301 3222 pro
322 3147 433 3207 cithara
453 3149 552 3209 velare
572 3159 663 3226 caput
684 3148 856 3224 dictataque
877 3151 967 3208 verba

248 3244 376 3319 pertulit,
398 3255 432 3303 ut
452 3264 518 3305 mos
539 3257 592 3318 est,
616 3258 645 3305 et
666 3257 767 3323 aperta
788 3245 892 3322 palluit
913 3266 996 3322 agna.

247 3341 297 3401 dic
317 3341 389 3401 mihi
410 3362 491 3403 nunc
512 3361 632 3419 quaeso,
655 3343 713 3418 dic,
734 3342 941 3420 antiquissime
962 3345 1074 3417 divum,

296 3557 342 3620 365
376 3573 481 3621 nsquam
492 3556 587 3606 Esica:
605 3571 727 3620 nusquam
737 3557 778 3605 P:
795 3571 913 3620 umquam
919 3564 960 3620 pu
1049 3560 1096 3618 385
1131 3556 1247 3619 AppiS:

247 3641 304 3704 Apa
324 3641 361 3689 P:
384 3639 429 3688 alti
439 3646 480 3702 pu·

510 3840 602 3858 *-
