2992 4134
616 344 726 394 LIBER
751 345 771 393 1.
795 344 938 394 SATVRA
960 344 1012 393 111.

339 510 417 573 quoe
436 488 519 551 nrlhc
540 488 681 549 divitibus
701 468 774 565 gens
796 486 1002 564 acceptissima
1023 488 1137 562 nostris,

300 603 331 651 et
351 606 425 669 quos
445 586 606 667 praecipue
626 585 745 663 fugiam,
768 588 936 664 properabo
957 585 1050 657 fateri,

300 706 356 749 nec
374 686 473 765 pudor
493 697 562 762 opst
551 684 632 744 tabit.
677 702 738 743 non
760 704 882 761 possum
903 685 984 754 serre,
1000 682 1144 791 Quirites,
1267 696 1300 742 60

300 787 442 845 Graecam
465 786 590 856 urbem3
617 782 751 859 quamvis
772 793 865 858 quota
884 780 980 857 portio
977 729 1108 841 iaecis
1112 781 1244 841 Achaei?

298 881 493 959 iampridem
515 879 632 957 Syrus
624 900 655 939 1n
676 877 809 940 Tiberim
830 878 950 938 defluxit
972 880 1101 940 Orontes

298 980 481 1063 etqlinguam
503 989 532 1038 et
554 997 651 1063 mores
673 988 792 1038 etcum
814 975 935 1037 tibicine
956 977 1082 1037 chordas
1190 1016 1193 1025 .
1210 988 1271 1041 t„..,
1298 980 1301 985 '
1325 1030 1328 1035 .

298 1076 437 1175 obliquas
457 1094 513 1135 nec
534 1095 596 1135 uon
616 1075 737 1152 gentilia
758 1086 900 1171 tympaua
920 1093 1021 1134 secum

216 1215 224 1224 -
299 1160 393 1234 vexit
400 1185 430 1233 et
450 1174 489 1233 ad
510 1172 618 1233 circum
641 1172 733 1232 iussas
755 1184 886 1249 prostare
908 1173 1040 1249 puellas3

298 1272 346 1344 ite,
368 1272 477 1348 quibus
497 1282 580 1349 gratu
601 1283 645 1332 est
667 1271 747 1346 picta
767 1272 844 1348 l'upa
859 1272 981 1330 barbara
1003 1268 1096 1330 mitra.

299 1372 424 1430 rusticus
444 1370 493 1431 ille
515 1381 583 1430 tuus
604 1369 694 1429 sumit
715 1370 916 1446 trechedipna,
939 1370 1069 1446 Quirine,

299 1478 327 1527 et
348 1464 529 1529 ceromatico
550 1470 605 1528 sert
625 1467 765 1528 niceteria
785 1469 871 1528 collo.

298 1565 346 1625 hic
366 1568 427 1626 alta
447 1565 582 1642 Sicyone,
598 1577 650 1634 ast
670 1566 718 1625 hic
739 1566 899 1643 Amydone
919 1566 1028 1635 relicta,
1210 1622 1213 1627 .

297 1665 348 1722 hic
370 1662 484 1735 Andro,
504 1663 553 1723 ille
572 1665 671 1736 Samo,
694 1664 743 1723 hic
764 1663 911 1722 Trallibus
930 1674 982 1722 aut
1002 1663 1173 1733 Alabandis,
1267 1685 1298 1733 70

300 1760 449 1843 Esquilias
469 1758 640 1837 dictumque
661 1772 769 1837 petunt
788 1780 807 1819 a
827 1759 937 1819 vimine
958 1762 1074 1833 collem,
1094 1754 1099 1763 ’

298 1857 411 1943 viscera
432 1876 603 1936 magnarum
625 1861 769 1919 domuum
791 1856 962 1935 dominique
983 1857 1079 1943 futuri.

192 1982 210 1999 ·
298 1955 450 2039 ingenium
471 1959 567 2028 velox,
590 1956 714 2017 audacia
735 1957 858 2034 perdita,
881 1977 977 2017 sermo

297 2060 452 2130 promptus
466 2058 503 2114 “et
525 2056 613 2143 Isqeo
634 2055 797 2113 torrentior.
841 2056 897 2139 ede
918 2053 990 2130 quid
1010 2054 1092 2113 illum

176 2214 193 2237 -.
297 2170 363 2210 esse
382 2163 478 2228 putes.
522 2151 656 2228 quemvis
677 2153 830 2211 hominem
852 2171 952 2212 secum
974 2153 1070 2211 attulit
1091 2153 1131 2210 ad
1151 2170 1223 2211 nos:
1266 2172 1296 2224 75

295 2247 504 2325 grammaticus
525 2251 625 2309 rhetor
644 2261 809 2326 geometres
831 2250 926 2328 pictor
946 2251 1050 2329 aliptes

289 2359 387 2425 'augur
408 2349 627 2409 schoenobates
648 2348 781 2410 medicus
803 2369 913 2427 magus,
936 2349 1037 2408 omnia
1058 2348 1146 2417 ιιονίι

296 2449 460 2555 Graeculuu
481 2446 630 2518 esuriens;
659 2446 689 2505 in
711 2450 835 2517 caelum,
858 2446 981 2520 iusseris
1004 2446 1066 2506 ibit

296 2544 328 2603 in
349 2542 466 2629 summa
487 2563 549 2603 non
572 2545 695 2604 Maurus
716 2556 778 2604 erat
798 2556 896 2619 neque
916 2546 1048 2604 Sarmata
1069 2563 1125 2602 nec
1147 2547 1246 2602 'lhrax

296 2641 348 2719 qui
369 2614 503 2720 sumpsit
516 2641 632 2718 pinnas,
656 2642 761 2702 mediis
783 2643 835 2702 sed
857 2654 943 2701 natus
964 2641 1096 2701 Athenis.
1265 2652 1297 2700 80

297 2742 402 2800 horum
424 2760 481 2817 ego
502 2759 563 2800 non
585 2740 694 2819 fugiam
716 2739 892 2817 conchylia?
920 2761 967 2801 me
989 2739 1067 2818 prior
1087 2741 1135 2800 ille

295 2836 425 2914 signabit
445 2839 595 2923 fultusque
616 2850 681 2899 toro
702 2839 824 2900 meliore
845 2842 1005 2911 recumbet,

279 2933 438 3023 ,adiectus
461 2938 591 3005 Romam
612 2956 672 3013 quo
692 2957 787 3014 pruna
808 2950 837 2998 et
857 2948 979 2998 cottona
999 2940 1112 2997 vento?

277 3026 391 3108 'usque
411 3033 488 3093 adeo
509 3024 655 3110 nihil¹est,
678 3037 761 3112 quod
783 3047 882 3105 nostra
902 3035 1025 3095 infantia
1045 3035 1160 3094 caelum

295 3129 397 3189 hausit
416 3131 555 3192 Aventini
576 3136 651 3193 baca
670 3133 780 3193 nutrita
800 3133 931 3194 Sabina?
1264 3135 1294 3196 85

295 3223 372 3303 quid
393 3230 474 3307 quod
492 3231 632 3292 adulandi
653 3252 725 3308 gens
745 3231 978 3309 prudentissima
998 3223 1097 3292 laudat

292 3326 607 3404 sermonemindocti,
630 3330 735 3391 faciem
757 3330 896 3391 deformis
916 3330 1012 3404 amici,

291 3432 326 3494 ,ea
344 3423 468 3501 longum
488 3425 611 3507 invalidi
631 3429 741 3487 collum
762 3427 926 3488 cervicibus
945 3436 1054 3513 aequat

208 3600 214 3609 '
272 3660 276 3669 .
360 3619 362 3625 '
442 3627 472 3679 σι
507 3630 603 3678 Achaei
620 3648 651 3678 u:
675 3630 792 3681 Achaeae
808 3632 845 3682 P:
863 3631 971 3696 parops
987 3631 1090 3681 mum
1105 3636 1173 3679 est,

651 3812 769 3850 A
