2992 4134
567 354 678 403 LIBER
702 354 738 404 11.
762 353 906 403 SATVRA
929 355 975 403 VI.

548 755 694 818 LIBER
724 755 986 822 SECVNDVS.

644 987 808 1047 SATVRA
836 989 890 1047 VI.

269 1155 370 1215 Credo
391 1153 567 1215 Pudicitiam
589 1157 716 1217 Saturno
737 1176 805 1234 rege
827 1168 972 1217 moratam

267 1253 300 1312 in
321 1253 403 1312 terris
423 1253 575 1330 visamque
596 1253 658 1324 diu,
679 1275 747 1314 curn
768 1254 873 1332 frigida
893 1275 997 1332 parvas

267 1354 423 1430 praeberet
443 1355 585 1430 spelunca
606 1354 721 1426 domos,
743 1353 902 1432 ignemque
923 1358 1089 1432 Laremque

268 1463 298 1512 et
319 1471 409 1528 pecus
431 1463 461 1511 et
481 1450 618 1512 dominos
639 1451 791 1512 communi
812 1453 961 1513 clauderet
983 1456 1095 1527 umbra,

268 1549 429 1610 silvestrem
451 1561 594 1610 montana
613 1561 710 1610 torum
732 1569 799 1609 cum
822 1561 962 1610 sterneret
982 1570 1055 1610 uxor
1250 1575 1264 1628 5

267 1648 420 1708 frondibus
441 1658 471 1708 et
491 1649 590 1708 culmo
611 1647 833 1721 vicinarumque
854 1649 979 1705 ferarum

267 1747 403 1823 pellibus,
425 1747 497 1805 haut
518 1745 620 1804 similis
641 1744 703 1818 tibi,
727 1745 864 1820 Cynthia,
887 1743 1025 1814 necubi,
1047 1746 1131 1806 cuius

266 1843 394 1904 turbavit
415 1843 525 1903 nitidos
546 1843 692 1904 extinctus
713 1861 814 1920 passer
834 1843 954 1914 ocellos,

266 1942 320 2000 sed
341 1943 474 2017 potanda
493 1943 588 2002 serens
608 1939 771 2000 infantibus
792 1941 884 2000 ubera
904 1934 1036 2018 magnis'

266 2050 296 2099 et
317 2058 405 2115 saepe
425 2038 570 2098 horridior
590 2040 729 2116 glandem
750 2049 885 2098 ructante
906 2037 1021 2098 marito.
1234 2063 1264 2100 ro

266 2137 378 2213 quippe
399 2135 482 2197 aliter
502 2148 573 2196 tunc
594 2140 666 2197 orbe
687 2156 767 2197 novo
788 2138 933 2214 caeloque
953 2136 1065 2197 recenti

264 2232 403 2293 vivebant
426 2234 571 2309 homines,
594 2235 645 2311 qui
665 2247 753 2311 rupto
774 2239 880 2295 robore
901 2235 962 2295 nati

266 2330 460 2408 compositive
481 2333 543 2392 luto
565 2335 662 2392 nullos
684 2334 813 2393 habuere
835 2345 979 2410 parentes.

266 2431 359 2488 multa
380 2428 544 2490 Pudicitiae
565 2432 671 2490 veteris
691 2430 815 2508 vestigia
836 2433 934 2490 forsan

265 2538 316 2586 aut
336 2526 434 2604 aliqua
454 2527 617 2588 exstiterint
638 2541 668 2588 et
689 2529 745 2587 sub
768 2530 848 2600 love,
871 2529 923 2586 sed
946 2530 1018 2588 Iove
1039 2530 1172 2589 nondum
1234 2550 1261 2601 15

265 2628 398 2698 barbato,
420 2628 556 2686 nondum
577 2621 699 2687 Graecis
720 2626 813 2685 iurare
834 2625 943 2701 paratis

265 2743 317 2799 per
337 2736 426 2800 caput
447 2723 574 2797 alterius,
597 2742 664 2782 curn
686 2724 780 2782 furem
801 2741 892 2782 nemo
913 2722 1029 2784 timeret

265 2820 398 2881 caulibus
420 2832 449 2880 et
470 2821 575 2897 pomiS,
597 2832 628 2881 et
648 2832 752 2898 aperto
774 2819 883 2880 viveret
904 2821 999 2881 horto,

263 2918 406 2994 paulatim
428 2918 537 2979 deinde
558 2920 598 2978 ad
619 2938 741 2994 superos
763 2922 888 2978 Astraea
907 2919 1027 2979 recessit

263 3017 320 3075 hac
340 3015 458 3089 comite,
481 3028 571 3092 atque
592 3001 669 3076 duae
690 3017 797 3093 pariter
817 3019 917 3093 fugere
939 3036 1061 3077 sorores.
1231 3041 1263 3077 20

262 3113 393 3174 anticum
415 3125 445 3175 et
465 3125 550 3175 vetus
571 3126 616 3175 est
636 3116 756 3191 genium
779 3125 969 3174 contemnere
990 3113 1092 3176 fulcri:

261 3231 353 3272 omne
373 3203 455 3272 aliud
476 3211 586 3273 crimen
609 3231 679 3271 mox
699 3214 792 3272 ferrea
812 3211 934 3288 protulit
955 3222 1045 3284 aetas,

181 3333 184 3338 ·
261 3308 399 3367 viderunt
419 3309 530 3385 primos
550 3322 690 3387 argentea
710 3312 827 3370 saecula
848 3312 998 3369 moechos.

261 3418 443 3467 conventum
464 3418 564 3468 tamen
586 3419 615 3468 et
637 3419 759 3486 pactum
780 3419 809 3468 et
830 3406 980 3483 sponsalia
1001 3418 1101 3467 nostra
1230 3428 1261 3481 25

310 3549 340 3586 vl
355 3552 383 3587 ra
417 3537 720 3602 rup101mpeetScholtc
803 3553 832 3604 13
865 3540 1028 3603 compositive
1044 3541 1079 3589 T:
1097 3541 1260 3604 compositius

262 3621 300 3670 P:
318 3619 499 3684 compositique
510 3636 530 3668 ω
