2992 4134
518 368 630 419 LIBER
652 370 685 420 V.
707 368 851 420 SATVRA
874 369 948 421 XVl.
1178 372 1235 437 113

235 513 369 593 cognitio
389 525 435 575 est
455 515 543 594 igitur
562 518 601 578 de
622 517 724 591 milite,
747 536 804 579 nec
825 517 897 577 mihi
918 516 994 578 derit

235 611 319 685 ultio,
342 612 366 672 si
386 610 483 673 iustae
503 614 633 675 defertur
653 633 745 675 causa
765 615 921 692 querellae.

235 718 300 768 tota
320 709 428 768 cohors
449 720 551 770 tamen
572 722 618 770 est
639 709 769 783 inimica,
791 728 958 786 omnesque
979 706 1102 786 manipli
1206 735 1239 771 20

234 824 384 866 consensu
404 824 514 883 magno
534 806 666 867 efficiunt
685 806 824 867 curabilis
845 817 879 867 ut
899 805 937 866 sit

234 903 368 965 vindicta
389 916 419 964 et
438 903 554 982 gravior
574 924 664 982 quam
685 903 799 965 iniuria
841 903 966 981 dignum
987 901 1041 963 erit
1061 921 1132 982 ergo

236 1002 445 1062 declamatoris
466 1002 580 1063 mulino
601 1003 692 1063 corde
713 1001 838 1080 Vagelli,

235 1118 306 1158 cum
327 1099 389 1159 duo
409 1118 493 1160 crura
514 1101 633 1173 habeas,
655 1100 809 1160 offendere
831 1109 875 1159 tot
895 1096 1013 1175 caligas,
1036 1107 1081 1158 tot

237 1195 318 1255 milia
338 1198 497 1258 clavorum.
540 1197 607 1275 quis
628 1207 690 1258 tam
710 1198 814 1274 procul
835 1195 912 1256 absit
932 1198 972 1255 ab
992 1199 1066 1255 urbe
1206 1219 1237 1271 25

237 1304 396 1370 praeterea,
418 1294 484 1372 quis
504 1306 566 1356 tam
587 1295 722 1374 Pylades,
745 1296 856 1355 molem
878 1292 992 1371 aggeris
1013 1295 1089 1352 ultra

237 1401 269 1449 ut
290 1390 411 1452 veniat?
437 1391 577 1453 lacrimae
597 1394 746 1452 siccentur
767 1390 911 1467 protinus,
934 1402 964 1450 et
985 1409 1017 1451 se

238 1498 428 1549 excusaturos
449 1509 510 1548 non
532 1488 723 1550 sollicitemus
744 1488 864 1550 amicos.

239 1586 295 1645 ‘da
315 1587 438 1647 testem'
459 1587 549 1647 iudex
569 1607 637 1647 cum
659 1586 774 1658 dixerit,
797 1588 908 1647 audeat
929 1586 979 1647 ille

238 1683 339 1744 nescio
359 1684 425 1760 quis
446 1705 562 1762 pugnos
582 1685 634 1762 qui
656 1685 737 1756 vidit,
761 1683 860 1745 dicere
884 1683 979 1755 ‘vidi,'

236 1793 266 1842 et
287 1783 407 1842 credam
429 1782 551 1859 dignum
574 1784 664 1844 barba
684 1782 868 1860 dignumque
890 1780 1002 1859 capillis

236 1877 393 1937 maiorum.
434 1876 521 1936 citius
542 1879 648 1938 falsum
670 1880 835 1955 producere
857 1889 964 1937 testem

235 1986 341 2035 contra
361 1994 510 2052 paganum
532 1977 628 2052 possis
649 1996 740 2054 quam
763 1997 831 2038 vera
853 1978 1024 2053 loquentem

235 2082 341 2132 contra
362 2072 509 2132 fortunam
529 2073 634 2133 armati
655 2060 817 2152 contraque
838 2075 993 2150 pudorem.

277 2169 411 2243 praemia
430 2190 511 2230 nunc
531 2170 589 2230 alia
608 2182 698 2248 atque
719 2174 778 2231 alia
799 2173 1001 2232 emolumenta
1021 2181 1158 2231 notemus
1207 2190 1237 2242 35

237 2279 498 2327 sacramentorum.
540 2272 706 2330 convallem
726 2271 800 2329 ruris
821 2268 892 2330 aviti

237 2367 391 2443 improbus
413 2378 463 2427 aut
483 2387 622 2445 campum
644 2367 716 2427 mihi
738 2368 763 2427 si
783 2368 898 2428 vicinus
919 2365 1031 2427 ademit

238 2474 268 2521 et
289 2483 404 2522 sacrum
427 2463 530 2524 effodit
551 2464 652 2524 medio
673 2466 712 2524 de
732 2465 826 2524 limite
848 2483 960 2536 saxum,

238 2561 321 2637 quod
344 2580 411 2620 mea
431 2581 499 2621 cum
521 2564 622 2638 patulo
643 2563 736 2621 coluit
756 2564 823 2639 puls
843 2581 943 2621 annua
963 2559 1033 2630 lib0,

237 2659 355 2718 debitor
375 2669 426 2718 aut
447 2671 582 2736 sumptos
603 2659 699 2735 pergit
720 2678 780 2717 non
802 2659 925 2717 reddere
946 2675 1085 2716 nummos
1205 2676 1238 2722 40

237 2775 315 2814 vana
336 2756 510 2832 supervacui
531 2757 634 2816 dicens
655 2755 851 2831 chirographa
872 2753 951 2831 ligni,

236 2855 442 2930 expectandus
463 2853 517 2913 erit
537 2853 588 2930 qui
610 2854 675 2913 lites
697 2853 818 2911 inchoet
839 2873 933 2912 annus

236 2950 328 3010 totius
349 2953 460 3027 populi.
502 2951 555 3010 sed
576 2961 790 3027 tuncquoque
811 2949 891 3009 mille
912 2949 1034 3009 ferenda

236 3047 344 3119 taedia,
366 3047 446 3106 mille
467 3066 568 3107 morae
579 3067 588 3119 3
617 3047 726 3106 totiens
747 3044 887 3104 subsellia
908 3055 1024 3104 tantum

236 3155 417 3218 sternuntur,
439 3143 498 3203 iam
519 3144 650 3204 facundo
671 3155 803 3220 ponente
824 3145 956 3201 lacernas

237 3241 382 3304 Caedicio
404 3254 433 3302 et
454 3245 552 3302 Fusco
572 3241 631 3301 iam
653 3240 848 3312 micturiente,
872 3237 966 3315 parati

286 3472 315 3504 ar
350 3456 459 3505 efficiunt
470 3457 636 3506 curabilisP:
653 3455 763 3505 officiunt
776 3450 893 3500 curabitis
899 3460 939 3514 pu
1028 3466 1059 3514 23
1092 3449 1236 3522 mulinoP:

237 3538 376 3588 Mutinensi
382 3546 423 3602 pu
496 3554 527 3600 24
560 3537 660 3602 caligas,
674 3543 712 3587 tot
723 3538 874 3602 Dempsterr
889 3533 1015 3600 caligulas
1028 3534 1069 3582 Pu
1145 3546 1181 3595 Qu
1209 3543 1256 3588 pu-

237 3619 468 3668 rulol’:vetu10w
580 3637 611 3684 ⁴⁵
648 3623 765 3673 lacernas
778 3623 818 3673 P:
833 3621 959 3674 lucernas
969 3628 1007 3688 poi

299 3735 364 3787 aa·
