2992 4134
247 376 289 438 42
645 378 846 429 IVVENALIS

248 519 302 580 ibit
322 522 360 580 ad
382 521 509 600 Aegypti
530 525 622 584 finem
642 524 801 603 calidaque
821 526 930 603 petitas

247 638 265 678 a
288 621 392 680 Meroe
412 620 541 697 portabit
563 641 664 698 aquas,
686 634 719 682 ut
740 635 858 700 spargat
879 624 909 682 in
931 625 1007 685 aede

249 714 346 790 Isidis,
369 717 493 794 antiquo
514 738 592 795 quae
613 719 748 797 proxima
769 722 860 799 surgit
881 721 958 781 ovili.

248 813 442 874 creditenim
464 815 557 892 ipsius
579 816 719 878 dominae
741 838 774 879 se
795 838 869 880 voce
891 818 1022 880 moneri:
1201 840 1249 894 530

195 937 223 987 s
248 931 287 972 eu
308 912 439 972 animam
460 924 489 975 et
510 928 643 975 mentem
664 935 733 975 cum
756 935 815 993 qua
836 916 867 976 di
888 926 977 975 nocte
999 918 1164 992 loquantur.

248 1031 319 1088 ergo
339 1011 388 1071 hic
408 1012 600 1089 praecipuum
621 1033 834 1090 summumque
855 1025 983 1073 meretur
1003 1015 1157 1087 honorem,

249 1108 301 1184 qui
320 1128 408 1186 grege
429 1110 553 1186 linigero
574 1109 777 1170 circumdatus
799 1122 829 1170 et
848 1130 937 1188 grege
957 1113 1042 1172 calvo

248 1205 419 1294 Q
437 1205 542 1282 populi
563 1205 652 1265 currit
673 1206 787 1298 QleOs
807 1207 930 1284 Amrhis,
966 1181 1047 1210 (Ν

246 1303 326 1363 illius
347 1303 486 1363 lacrimae
507 1302 710 1380 meditataque
730 1323 882 1364 murmura
903 1316 1053 1381 praestant

250 1412 281 1460 ut
302 1400 421 1475 ueniam
441 1403 548 1477 culpae
568 1420 630 1460 nou
651 1402 772 1474 abnuat,
789 1420 900 1502 misere
921 1421 1030 1478 magno
1200 1423 1249 1477 540

249 1497 411 1573 &titt
432 1497 515 1577 tenui
536 1516 660 1574 popano
681 1489 970 1575 corruptus,'0siris.

249 1615 318 1656 cum
341 1595 423 1657 dedit
444 1593 625 1668 ille'locum,
646 1604 679 1656 c'
729 1594 779 1655 ''o
800 1592 949 1679 faenoque
970 1595 1073 1656 relicto

249 1711 387 1753 arcanam
410 1695 524 1754 Iudaea
544 1705 675 1754 tremens
696 1693 878 1754 mendicat
870 1712 901 1752 m
922 1713 1031 1765 aurem,

250 1789 392 1868 interpres
412 1794 511 1868 legum
532 1793 717 1868 Solymarum
739 1802 770 1850 et
790 1811 898 1868 magna
919 1792 1057 1851 sacerdos
1140 1826 1156 1882 4

250 1889 362 1948 arboris
383 1908 419 1947 ac
439 1886 548 1948 summi
568 1887 692 1948 fidat
648 1908 679 1948 rn
681 1889 831 1949 ternuntia
850 1887 932 1948 caeli.
1200 1909 1248 1964 545

250 1985 355 2062 implet
375 1998 405 2046 et
426 1986 476 2045 illa
496 2004 627 2057 manum,
650 1986 704 2045 sed
725 1984 860 2061 parcius;
888 2003 955 2044 aere
976 1984 1092 2044 minuto

250 2084 478 2160 qualiacumque
498 2085 580 2142 voles
603 2080 707 2142 Iudaei
728 2083 844 2142 somnia
864 2083 1004 2142 venduut.

224 2173 379 2258 'spondet
400 2191 563 2240 amatorem
585 2191 719 2240 tenerum
740 2182 788 2238 vel
809 2179 906 2239 divitis
928 2179 994 2239 orbi

230 2289 460 2361 J'rtestamentum
481 2278 585 2354 ingens
606 2277 722 2337 calidae
743 2280 886 2353 pulmone
907 2276 1063 2337 columbae

250 2387 375 2436 tractato
396 2377 554 2434 Armenius
575 2375 622 2435 vel
643 2377 866 2452 Commagenus
887 2376 1051 2451 ltaruspex3
1201 2397 1250 2450 550

251 2484 372 2550 pectora
393 2473 540 2548 pullorum
561 2472 723 2544 rimabitur,
746 2485 814 2546 exta
835 2471 941 2561 catelli,

251 2571 398 2631 interdum
420 2582 450 2630 et
471 2569 572 2647 pueri,
600 2571 689 2630 saciet
710 2570 793 2646 quod
814 2552 957 2629 deferat
949 2589 1023 2645 ipse.

251 2667 411 2730 Chaldaeis
432 2668 485 2727 sed
507 2668 601 2728 maior
621 2667 676 2729 erit
697 2667 824 2739 fiducia;
852 2666 997 2743 quidquid

252 2766 357 2827 dixerit
378 2767 552 2841 astrologus,
574 2765 696 2824 credent
716 2783 735 2823 a
756 2765 838 2824 sonte
859 2767 983 2825 relatum

253 2863 442 2935 Hammonis,
465 2863 605 2939 quoniam
629 2860 756 2938 Delphis
778 2864 897 2921 oracula
917 2873 1035 2923 cessant
1201 2886 1248 2940 555

252 2974 281 3022 et
301 2981 394 3040 genus
415 2962 577 3020 humanum
598 2961 721 3020 damnat
742 2958 838 3037 caligo
860 2959 955 3019 futuri.

251 3060 429 3139 praecipuus
450 3070 551 3134 tamen
573 3069 618 3118 est
638 3059 754 3130 horum,
778 3059 828 3134 qui
850 3057 967 3135 saepius
989 3061 1064 3133 exul,

252 3160 336 3221 cuius
356 3157 486 3219 amicitia
507 3157 764 3231 conducendaque
785 3156 895 3215 tabella

252 3277 376 3334 magnus
397 3256 469 3316 civis
490 3255 554 3315 obit
575 3265 605 3315 et
626 3254 799 3314 formidatus
820 3253 943 3315 Othoni.

251 3354 321 3414 inde
342 3355 416 3412 fides
438 3353 515 3425 artis,
538 3352 638 3413 sonuit
659 3352 683 3412 si
704 3352 831 3457 dextera
847 3354 923 3412 ferro
1202 3361 1251 3426 560

252 3453 401 3537 laevaque,
424 3447 449 3507 si
470 3450 560 3523 longo
581 3434 762 3507 castrorum
763 3434 831 3505 in
813 3466 937 3507 carcere
958 3446 1072 3506 mansit.

282 3662 326 3713 547
359 3647 455 3696 somnia
461 3654 518 3711 pu:
535 3643 656 3692 omniaP
738 3657 783 3705 551
818 3642 946 3690 rimabitur
959 3642 1020 3690 PT:
1039 3642 1140 3690 rimatur
1151 3649 1175 3690 ct
1182 3649 1223 3705 pu
