2992 4134
243 361 283 439 36
638 370 838 420 1vvannu1s

241 525 404 582 haeremus.
447 520 497 580 dic
517 520 590 597 ipsa.
634 518 722 604 ‘olim
743 520 938 578 convenerat'
959 517 1056 595 inquit

244 625 292 679 ‘ut
312 621 422 679 faceres
443 628 477 677 tu
497 619 579 694 quod
599 618 699 689 velles,
721 634 779 675 nec
799 636 861 676 non
883 635 938 694 ego
959 636 1079 692 possem

242 716 394 794 indulgere
415 714 495 774 mihi.
538 716 648 775 clames
670 714 738 774 licet
759 725 789 774 et
810 733 890 773 mare
911 716 995 774 caelo

242 817 416 888 confundas,
440 815 532 873 homo
553 813 638 872 sum.'
680 811 754 870 nihil
776 822 820 872 est
840 811 982 871 audacius
1003 811 1059 870 illis

243 913 396 989 deprensis
405 934 415 987 ;
443 911 516 970 iram
537 921 627 986 atque
648 909 804 969 animosa
823 909 946 969 crimine
968 920 1096 969 sumunt.
1192 917 1240 983 285

283 1012 364 1072 unde
384 1011 459 1070 haec
480 1020 613 1068 monstra
633 1019 733 1067 tamen
754 1008 802 1066 vel
823 1026 884 1083 quo
905 1008 943 1066 de
964 1008 1056 1078 fonte,
1077 1007 1221 1084 requiris?

244 1109 410 1186 praestabat
431 1119 527 1166 castas
548 1105 668 1166 humilis
688 1107 807 1165 fortuna
828 1103 950 1164 Latinas

244 1207 406 1283 quondam,
428 1222 484 1264 nec
505 1202 582 1263 vitiis
603 1201 734 1280 contingi
756 1222 845 1278 parva
866 1202 1004 1262 sinebant

245 1315 331 1378 tecta,
352 1304 436 1361 labor
456 1298 612 1376 somnique
633 1302 736 1361 breves
758 1311 788 1359 et
808 1301 914 1359 vellere
935 1301 1036 1359 Tusco

246 1411 368 1460 vexatae
388 1401 539 1474 duraeque
560 1417 664 1457 manus
685 1417 721 1456 ac
742 1396 892 1473 proximus
914 1398 979 1456 urbi

247 1496 401 1556 Hannibal
421 1507 451 1556 et
471 1506 584 1556 stantes
606 1494 725 1556 Collina
744 1506 824 1554 turre
845 1493 949 1554 mariti.

246 1617 326 1657 nunc
346 1595 473 1674 patimur
493 1597 600 1672 longae
621 1593 702 1671 pacis
725 1595 811 1666 mala,
834 1593 949 1653 saevior
969 1594 1057 1653 armis

245 1697 358 1756 luxuria
377 1693 510 1754 incubuit
531 1693 702 1768 victumque
723 1691 874 1752 ulciscitur
894 1695 1005 1752 orbem.

246 1793 359 1850 nullum
380 1790 491 1850 crimen
512 1793 597 1849 abest
617 1788 792 1864 facinusque
812 1788 951 1858 libidinis,
975 1807 1011 1848 ex
1031 1809 1092 1866 quo

246 1899 405 1964 paupertas
426 1889 565 1945 Romana
585 1886 669 1964 perit.
711 1885 782 1944 hinc
802 1884 886 1944 fluxit
907 1887 946 1944 ad
967 1885 1040 1945 istos
1195 1911 1243 1963 295

246 1996 276 2044 et
295 1982 412 2060 Sybaris
433 1981 524 2054 collis,
547 1982 618 2042 hinc
638 1992 668 2042 et
690 1982 817 2040 Rhodos
838 1992 868 2040 et
890 1982 1012 2041 Miletos

246 2093 336 2158 atque
356 2090 531 2140 coronatum
552 2091 582 2139 et
602 2082 738 2155 petulans
761 2077 973 2155 madidumque
995 2083 1166 2141 Tarentum.

246 2176 340 2254 prima
360 2176 530 2255 peregrinos
552 2177 701 2236 obscaena
720 2175 848 2254 pecunia
869 2195 966 2236 mores

246 2275 353 2347 intulit,
375 2286 405 2334 et
426 2274 504 2352 turpi
524 2275 672 2351 fregerunt
692 2276 811 2334 saecula
831 2275 903 2333 luxu

247 2372 367 2433 divitiae
388 2374 501 2432 molles.
543 2371 617 2448 quid
637 2371 718 2431 enim
739 2391 831 2432 venus
852 2373 934 2433 ebria
953 2386 1044 2445 curat,
1197 2399 1247 2448 300

246 2470 369 2547 grandia
390 2489 467 2546 quae
484 2469 592 2548 mediis
613 2469 671 2529 iam
694 2470 833 2531 noctibus
853 2486 951 2532 ostrea
972 2473 1096 2543 mordet,

247 2589 316 2629 cum
337 2570 454 2647 perfusa
474 2588 556 2628 mero
577 2581 716 2646 spumant
737 2581 889 2646 unguenta
911 2573 1044 2642 Falern0‚

247 2688 316 2728 cum
337 2667 448 2728 bibitur
468 2668 592 2740 concha,
617 2686 685 2726 cum
707 2665 766 2725 iarn
787 2667 929 2744 vertigine
951 2681 1063 2729 tectum

247 2767 379 2825 ambulat
400 2774 430 2824 et
449 2764 575 2840 geminis
596 2762 722 2840 exsurgit
744 2783 847 2823 mensa
868 2766 1017 2825 lucernis?
1198 2786 1244 2839 305

248 2863 256 2921 i
278 2882 357 2921 nunc
378 2873 408 2920 et
428 2861 541 2932 dubita,
564 2880 623 2936 qua
643 2861 763 2920 sorbeat
783 2879 851 2920 aera
871 2880 966 2921 sanna

247 2959 355 3031 Tullia,
377 2958 449 3035 quid
472 2957 550 3018 dicat
572 2970 661 3016 notae
681 2958 826 3017 collactea
847 2959 971 3018 Maurae

249 3060 363 3129 Maura,
384 3056 550 3116 Pudicitiae
571 3067 699 3115 veterem
721 3074 790 3113 cum
812 3056 950 3132 praeterit
971 3077 1060 3115 aram.

289 3153 379 3212 audio
400 3153 473 3229 quid
494 3164 606 3212 veteres
627 3151 699 3210 olim
720 3151 867 3211 moneatis
887 3152 992 3213 amici:
1199 3163 1247 3225 346

250 3241 346 3325 ‘po'ne
367 3268 470 3321 seram,
492 3248 636 3326 prohibe'
675 3249 730 3307 sed
752 3247 817 3324 quis
838 3249 985 3310 custodiet
1006 3250 1086 3326 ipsos

248 3346 409 3405 custodes?
436 3355 522 3404 cauta
543 3356 587 3404 est
609 3355 638 3404 et
658 3345 697 3403 ab
717 3343 776 3404 illis
797 3344 902 3422 incipit
922 3366 1003 3406 uxor.

249 3441 367 3515 iamque
389 3442 494 3500 eadem
515 3440 636 3500 summis
658 3440 767 3516 pariter
787 3441 977 3518 minimisque
997 3443 1098 3516 libido,

297 3570 343 3622 295
377 3555 410 3604 ad
420 3555 481 3606 istos
491 3555 600 3606 Putem
619 3555 651 3604 ad
663 3555 790 3606 IndosP:
808 3557 840 3606 ad
854 3557 984 3607 Histrosu
1082 3557 1130 3622 306
1162 3559 1247 3609 inunc

249 3649 273 3688 et
279 3647 315 3702 p:
332 3638 471 3700 inungctP
